2240 3418
127 107 175 162 266
202 111 242 160 ΙΝ
259 109 299 160 M.
311 106 504 159 ANTONIUM
522 107 656 160 ORATIO
673 104 883 157 PHILIPPICA
899 107 937 158 H.

112 212 238 272 ¹absenti
258 211 340 270 adfui
360 209 711 288 Deiotaro-quidquam
732 209 796 280 sibi,
814 209 893 287 quod
912 221 967 266 nes

127 313 180 371 pro
202 292 252 350 illo
275 291 635 369 postularemus,·aequum
659 289 733 348 dixit
755 289 853 347 videri.
895 287 968 366 Syn·

127 371 237 451 grapha
250 371 371 429 sestertii
385 371 511 428 centiens
522 389 573 447 per
586 370 703 447 legatos,
715 369 791 426 viros
804 368 903 440 bonos,
916 368 970 426 sed

127 452 247 510 timidos
270 457 300 508 et
323 445 481 527 imperitos,
499 449 560 507 sine
584 456 689 520 nostra,
707 448 768 506 siue
791 448 968 526 reliquorum

127 531 276 608 hospitum
292 530 368 607 regis
385 529 534 600 sententia,
545 529 623 586 facta
638 529 669 585 in
685 547 830 606 gynaeceo
847 534 898 599 est,
909 546 968 604 quo
1054 597 1057 606 Ι

127 613 158 670 in
175 612 238 668 loco
255 609 394 688 plurimae
410 629 455 668 res
468 609 617 666 venierunt
633 615 662 666 et
680 614 811 666 veneunt.
852 606 916 676 Qua
932 627 968 666 ex

128 690 292 769 syngrapha
312 688 383 767 quid
403 689 449 746 sis¹
462 695 575 746 aeturus
595 688 733 746 meditere
754 706 864 746 censeo.
905 686 969 744 Rex

128 772 206 829 enim
226 771 288 847 ipse
305 788 356 826 sua
372 775 482 845 sponte,
494 768 580 825 nullis
600 766 813 826 commentariis
830 766 968 838 Caesaris,

128 850 213 907 simul
224 857 310 926 atque
320 847 430 906 audivit
441 848 501 906 eius
515 848 672 920 interitum,
684 867 736 904 suo
747 847 838 904 Marte
848 866 893 904 res
903 863 969 904 suas

128 929 312 1006 recuperavit.
355 933 401 986 96.
422 927 537 986 Sciebat
552 927 642 986 homo
663 927 840 1004 sapiens·ius
856 945 970 1004 semper

127 1009 183 1066 hoc
192 1008 289 1078 fuisse,
299 1014 339 1079 ut,
348 1027 420 1084 quae
430 1007 546 1084 tyranni
556 1007 734 1084 eripuissent,
744 1026 778 1064 ea
787 1007 916 1084 tyrannis
926 1007 970 1063 in-

128 1088 256 1147 terfectis
266 1088 295 1159 ii,
305 1087 408 1165 quibus
418 1094 515 1164 erepta
525 1093 627 1158 essent,
637 1093 842 1164 recuperarent.
873 1085 969 1143 Nemo

128 1169 217 1246 igitur
231 1168 291 1225 iure
305 1166 460 1238 consultus,
472 1186 508 1224 ne
522 1167 576 1224 iste
590 1167 716 1244 quidem,
729 1167 778 1243 qui
792 1165 846 1223 tibi
860 1165 911 1223 uni
925 1172 969 1223 est

129 1249 189 1305 iure
203 1247 358 1318 consultus,
367 1265 419 1324 per
429 1266 515 1324 quem
528 1246 598 1304 haec
612 1247 682 1324 agis,
692 1265 726 1304 ex
737 1247 793 1304 ista
806 1245 969 1323 syngrapha

129 1327 226 1386 deberi
237 1328 308 1384 dicit
316 1346 369 1404 pro
381 1327 417 1383 iis
424 1326 517 1398 rebus,
525 1345 597 1403 quae
607 1332 688 1384 erant
698 1333 765 1383 ante
775 1325 969 1403 syngrapham

128 1414 317 1484 recuperatae.
360 1405 427 1463 Non
448 1406 526 1463 enim
547 1406 704 1488 atevemit,
716 1405 767 1463 sed
782 1405 870 1484 prius,
882 1424 969 1482 quam

129 1494 161 1544 tu
179 1506 262 1544 suum
280 1486 335 1543 sibi
351 1486 495 1556 venderes,
507 1485 569 1562 ipse
587 1485 724 1563 possedit.
766 1484 818 1542 Ille
835 1485 878 1542 vir
893 1484 969 1542 fuit:

108 1601 110 1605 Α
130 1586 182 1623 nos
196 1567 313 1643 quidem
326 1565 538 1636 contemnendi,
551 1565 600 1643 qui
614 1571 760 1622 auctorem
774 1564 897 1636 odimus,
906 1571 973 1623 acta

130 1646 320 1704 defendimus
355 1643 530 1703 XXXVIII.
560 1644 606 1702 97.
618 1644 697 1714 Quid
707 1663 761 1722 ego
775 1644 812 1702 de
826 1663 973 1702 commen-

129 1726 209 1783 tariis
222 1725 351 1795 infinitis,
363 1724 434 1801 quid
448 1723 484 1781 de
500 1723 755 1782 innumerabilibus
772 1723 974 1803 chirographis
994 1718 998 1723 ’

129 1805 247 1881 loquarl
269 1822 390 1880 quorum
412 1803 498 1861 etiam
519 1803 665 1862 institores
685 1810 761 1874 suut,
774 1805 824 1882 qui
845 1823 879 1862 ea
897 1811 984 1862 tam--

130 1903 216 1962 quam
230 1883 420 1961 gladiatorum
434 1882 545 1940 libellos
558 1882 654 1960 palam
667 1884 826 1942 venditent.
868 1883 975 1962 Itaque

128 1963 205 2022 tanti
217 1962 309 2020 acervi
322 1982 506 2020 nummorum
521 1963 599 2039 apud
612 1963 701 2032 istum
714 1970 927 2036 construuntur,
937 1971 977 2023 ut

129 2044 187 2101 iam
215 2042 419 2120 expendantur,
442 2061 501 2099 uon
528 2049 714 2100 numerentur
740 2044 885 2121 pecuniae.
927 2043 978 2102 At

130 2143 215 2201 quam
230 2142 313 2181 caeca
326 2122 444 2179 avaritia
457 2122 516 2180 est!
557 2121 659 2199 Nuper
671 2121 729 2180 fixa
738 2122 836 2181 tabula
850 2129 901 2195 est,
914 2142 978 2200 qua

129 2204 259 2261 civitates
279 2201 518 2278 locupletissimae
539 2201 719 2260 Cretensium
736 2203 923 2280 vectigalibus
939 2203 978 2262 li·
1032 2225 1036 2232 ¹

128 2282 271 2352 berantur,
287 2281 485 2358 statuiturque,
500 2300 537 2338 ne
556 2288 623 2358 post
639 2281 678 2340 M.
691 2281 814 2340 Brutum
831 2301 883 2360 pro
905 2302 979 2341 oon-

130 2361 189 2420 sule
204 2363 242 2419 sit
256 2361 342 2419 Creta
354 2361 509 2438 provincia
552 2360 597 2418 Tu
611 2361 716 2419 mentis
733 2381 763 2420 es
779 2363 917 2439 composi
938 2370 978 2422 tu

120 2441 454 2518 noneonstringendusl
488 2439 537 2498 An
546 2440 675 2499 Caesaris
685 2442 799 2500 decreto
810 2441 979 2520 Cretapost

60 2567 65 2578 .
122 2521 168 2578 M.
177 2520 263 2578 Bruti
273 2521 419 2578 decessum
431 2520 528 2598 potuit
537 2520 659 2592 liberari,
671 2540 738 2579 cum
749 2521 834 2580 Creta
847 2521 919 2579 nihil
935 2523 979 2582 ad

120 2599 254 2656 Bmtum
271 2599 390 2658 Caesare
408 2601 474 2658 vivo
495 2601 668 2678 pertineret?
708 2599 750 2658 At
766 2601 852 2658 huius
873 2603 979 2661 vendi-

129 2679 209 2736 tione
230 2679 414 2737 decreti—ne
434 2679 506 2737 nihil
527 2687 623 2738 actum
644 2681 977 2759 putetis-provinciam

130 2757 245 2815 Cretam
266 2758 439 2835 perdidistis.
482 2759 609 2818 Omnino
633 2779 718 2818 nemo
741 2760 826 2818 ullius
847 2761 888 2818 rei
912 2761 977 2820 fuit

130 2843 245 2914 emptor
258 2838 304 2894 eui
320 2838 445 2896 defuerit
459 2837 506 2896 hic
520 2839 659 2897 venditor.
702 2846 748 2897 98.
764 2839 803 2898 Et
817 2840 853 2898 de
869 2842 978 2900 exsuli·
1053 2887 1058 2894 .

129 2914 185 2973 bus
206 2916 308 2994 legem,
324 2936 410 2994 quam
434 2916 529 2989 fixisti,
545 2918 648 2976 Caesar
668 2915 769 2978 tulitt'
795 2920 909 2978 Nullius
931 2922 977 2978 in-

132 3002 224 3052 sector
240 2996 447 3054 calamitatem:
468 3004 580 3055 tantum
598 3017 708 3076 queror,
723 3001 849 3077 primum
869 3020 976 3059 eorum

132 3071 240 3131 reditus
250 3071 422 3152 inquinatos,
433 3095 554 3152 quorum
565 3096 678 3136 causam
688 3079 792 3138 Caesar
802 3080 975 3140 dissimilem

29 3205 36 3229 p
132 3153 280 3211 iudicarit:
302 3155 406 3212 deinde
425 3155 521 3212 nescio
542 3175 593 3214 cur
612 3177 671 3222 uon
691 3159 809 3238 reliquis
827 3159 904 3218 idem
922 3162 975 3220 tri·
