2262 3418
376 85 456 173 oss.
472 121 653 185 xn-xxn,
670 121 685 183 s
701 121 792 174 sess·
870 119 876 128 ’
960 127 1008 176 rso

168 221 296 282 abiecto:
318 221 392 280 sdde
405 221 548 280 inscitiam
562 223 748 300 pransi,'poti,
759 197 907 282 oscitantis
917 223 1006 297 ducis,

169 303 296 381 quicum
310 321 328 359 a
340 308 421 380 tergo
435 301 548 360 hostem
559 302 744 360 interclusum
758 303 925 381 reliquisset,
935 304 1009 363 nihil

168 382 205 440 de
220 383 280 439 eius
291 383 425 440 extremis
435 382 589 439 comitibus
600 382 745 459 cogitavit,
753 383 785 440 in
796 402 868 461 quos
878 384 1009 442 incensos

168 462 211 519 ira
225 462 370 558 vitemque
381 462 491 519 domini
502 462 684 539 desperantes
698 481 763 521 cum
778 463 932 536 incidisset,
945 464 1009 521 hae

170 541 207 598 sit
221 541 251 598 in
267 541 303 598 iis
319 541 428 618 poenis,
440 560 510 619 ques
525 541 562 598 eb
579 560 613 598 eo
631 542 703 598 servi
717 541 814 600 fideles
830 561 883 619 pro
898 543 1009 600 domini

169 621 230 678 vita
245 621 450 698 expetiverunt
494 620 540 678 57.
556 619 616 678 Our
630 621 721 698 igitur
736 641 785 679 eos
805 640 894 679 mann
911 623 1009 680 misiti

169 699 317 758 Metuebat
331 699 439 758 seilicet
452 719 488 758 ne
502 700 682 773 indicaretur,
692 719 729 758 ne
742 700 871 758 dolorem
884 702 1010 778 perferre

169 798 228 837 non
241 787 416 856 possentne
429 780 581 838 tonnentis
594 787 764 858 cogerentur
777 780 902 839 occisum
919 799 979 838 esse
993 801 1010 838 a

170 861 258 917 servis
279 859 396 916 Milonis
417 859 448 916 in
472 858 571 936 Appia
594 859 641 917 via
663 860 696 918 P.
712 859 848 918 Clodium
871 859 1008 918 confiteri
1063 865 1067 872 ⁴

170 938 249 1007 Quid
263 958 337 1016 opus
352 946 395 997 est
408 941 535 997 tortorel
556 939 627 1017 quid
641 940 770 1018 quaerisl
810 939 1010 999 Occideritnel

171 1019 286 1078 occidit
328 1018 393 1076 Iure
414 1038 450 1075 an
471 1019 593 1077 iniuriat
613 1019 686 1076 nihil
705 1019 743 1077 ed
758 1021 914 1078 tortorem:
939 1019 1011 1077 facti

171 1099 293 1156 enimin
308 1098 405 1157 eculeo
419 1099 549 1176 quaestio
566 1106 617 1171 est,
629 1099 699 1156 iuris
708 1099 744 1156 in
757 1100 873 1158 iudicio.
909 1099 1008 1157 XXII.

171 1177 258 1248 Quod
268 1178 357 1256 igitur
367 1179 397 1235 in
412 1197 497 1236 causa
506 1179 700 1256 quaerendum
711 1185 762 1250 est,
772 1179 804 1236 id
814 1197 932 1256 egemus
945 1178 1009 1237 hic:

172 1259 251 1336 quod
264 1258 416 1316 tormentis
428 1259 557 1316 invenire
570 1259 621 1330 vis,
632 1258 663 1315 id
676 1259 808 1316 fatemur.
844 1258 933 1319 Manu
943 1274 1018 1316 vero'

171 1357 222 1396 cur
231 1337 350 1409 miserit,
360 1338 384 1395 si
397 1338 430 1398 id
439 1339 538 1415 potius
552 1338 671 1416 quaeris,
682 1357 768 1416 quarn
782 1357 833 1396 cnr
842 1357 943 1415 parum
953 1357 1012 1395 em·

172 1417 228 1496 plis
244 1417 383 1475 adfecerit
419 1418 541 1489 reemiis,
553 1418 645 1476 nescis
662 1418 772 1476 inimici
789 1418 899 1478 fectum
920 1437 1012 1495 repre·
1063 1451 1066 1458 ι

22 1552 30 1567 ,
113 1507 115 1512 “
171 1497 304 1558 bendere.
338 1503 383 1555 58.
421 1496 480 1555 “xit
490 1498 568 1556 enim
578 1497 625 1555 hio
636 1497 722 1570 idem,
732 1497 782 1575 qui
793 1498 891 1555 omnia
901 1517 1012 1575 semper

172 1584 337 1635 constanter
350 1583 379 1634 et
392 1577 515 1649 fortiter,
525 1576 564 1635 M.
577 1577 659 1649 Cato,
672 1584 702 1635 ct
714 1578 790 1635 dixit
802 1578 833 1635 in
847 1577 1013 1635 turbulente

173 1657 316 1729 contione,
329 1675 400 1734 quse
417 1663 515 1714 tamen
534 1656 620 1715 huius
640 1657 810 1716 auctoritate
828 1657 939 1735 placate
959 1663 1010 1729 est,

99 1767 102 1776 ,
172 1755 241 1796 non·
255 1736 386 1795 libertate
414 1736 515 1809 solum,
533 1737 584 1795 sed
607 1737 694 1796 etiam
722 1737 855 1795 omnibus
878 1737 1012 1814 praemiis

173 1816 357 1894 dignissimos
381 1815 479 1888 fnisse,
494 1815 545 1894 qui
565 1816 677 1875 domini
700 1824 787 1894 ceput
807 1817 1010 1875 defendissent

174 1896 259 1965 Quod
276 1897 353 1954 enim
369 1897 529 1973 praemium
547 1897 615 1954 setis
635 1915 774 1974 magnum
793 1903 836 1954 est
852 1902 912 1953 tam
928 1895 1012 1953 bene·

173 1976 253 2049 volis,
267 1983 328 2034 tam
349 1975 442 2048 bonis,
457 1983 518 2034 tam
538 1974 670 2033 fidelibus
685 1976 787 2047 servis,
802 1982 921 2053 propter
941 1993 1013 2053 quos

173 2055 263 2114 vivitl
303 2055 367 2113 Etsi
386 2055 419 2113 id
441 2055 558 2133 quidem
577 2072 637 2112 non
658 2055 733 2112 tanti
757 2061 809 2126 est,
827 2073 913 2132 quam
935 2053 1013 2132 quod

173 2141 292 2212 propter
305 2135 421 2194 eosdem
435 2154 494 2192 non
508 2134 647 2212 sanguino
661 2139 690 2192 et
703 2133 867 2192 vulneribus
881 2134 939 2190 suis
953 2152 1013 2191 oru-

174 2214 313 2272 delissimi
328 2214 439 2272 inimici
454 2221 582 2272 mentem
599 2213 753 2290 oculosque
770 2213 890 2270 satiavit.
933 2212 1014 2281 Quos

174 2293 230 2350 nisi
243 2313 331 2352 manu
344 2294 477 2364 misisset,
488 2293 641 2351 tormentis
657 2293 744 2350 etism
757 2291 882 2350 dedendi
896 2289 1014 2350 fuerunt

175 2379 386 2431 conservatores
403 2373 523 2444 domini,
534 2372 641 2431 ultores
658 2371 777 2443 sceleris,
790 2371 953 2429 defensores
967 2390 1014 2429 ne-

175 2452 224 2510 cis
266 2452 324 2510 Hic
341 2471 408 2512 vero
424 2452 497 2510 nihil
510 2451 598 2510 habet
613 2452 644 2509 in
660 2451 706 2508 his
723 2449 807 2508 malis
823 2450 902 2528 quod
918 2451 1014 2507 minus

175 2530 295 2590 moleste
311 2532 394 2604 ferat,
407 2543 501 2610 quam,
513 2532 601 2590 etiam
620 2531 645 2589 si
662 2530 732 2608 quid
750 2531 806 2608 ipsi
823 2530 941 2602 aecidat,
954 2548 1014 2588 esse

170 2616 272 2668 tamen
286 2611 343 2669 illis
355 2611 490 2669 meritum
522 2612 660 2669 rsemium
674 2609 860 2689 persolutum.
898 2615 943 2668 59.
956 2608 1015 2667 Sed

176 2690 356 2766 quaestiones
370 2697 474 2768 urgent
516 2690 631 2762 ilonem,
644 2709 716 2768 quae
730 2696 797 2747 sunt
809 2689 924 2747 habitae
937 2707 1015 2746 nunc

77 2771 80 2778 '
175 2768 206 2825 in
221 2770 294 2826 atrio
305 2767 465 2827 Libertatis.
501 2768 680 2839 Quibusnam
690 2769 727 2826 de
738 2769 843 2826 servisl
859 2769 962 2845 rogus!
978 2767 1016 2825 de

175 2845 209 2906 P.
220 2847 323 2906 Clodii.
362 2848 433 2917 Quis
449 2867 498 2906 eos
513 2849 689 2925 postulavit?
708 2847 831 2925 Appius
867 2847 938 2916 Quis
951 2861 1020 2923 pro·'

176 2925 280 2986 duriti
295 2927 418 3004 Appius.
456 2926 563 2986 [Indoi
584 2926 621 2984 eb
633 2927 741 3004 Appio.
779 2927 820 2984 Di
837 2926 922 2984 boni!
944 2925 1015 3003 quid

176 3013 273 3083 potest
289 3008 337 3084 egi
353 3006 496 3065 severiusl
534 3005 580 3064 De
597 3007 684 3065 servis
704 3005 782 3065 nulla
802 3005 864 3082 lege
885 3005 1015 3082 quaestio

176 3093 221 3143 est
236 3087 267 3143 in
283 3085 434 3144 dominum
451 3085 507 3143 nisi
521 3084 558 3144 de
574 3086 692 3157 incestu,
704 3093 738 3144 ut
750 3085 809 3142 fuit
824 3085 855 3142 in
869 3083 1013 3141 Clodium.

176 3162 312 3222 Proxime
332 3165 402 3222 deos
422 3165 540 3223 accessit
560 3163 687 3236 Clodius,
699 3165 818 3242 propius
839 3169 1014 3240 quamtum,
