<?xml version="1.0" encoding="UTF-8"?>
<!DOCTYPE html PUBLIC "-//W3C//DTD XHTML 1.0 Transitional//EN"
    "http://www.w3.org/TR/xhtml1/DTD/xhtml1-transitional.dtd">
<html xmlns="http://www.w3.org/1999/xhtml" xml:lang="en" lang="en">
 <head>
  <title>
</title>
<meta http-equiv="Content-Type" content="text/html;charset=utf-8" />
  <meta name='ocr-system' content='tesseract 3.04.00' />
  <meta name='ocr-capabilities' content='ocr_page ocr_carea ocr_par ocr_line ocrx_word'/>
</head>
<body>
  <div class='ocr_page' id='page_1' title='image "./mtulliiciceroni99cicegoog/mtulliiciceroni99cicegoog_0193.png"; bbox 0 0 2262 3418; ppageno 0'>
   <div class='ocr_carea' id='block_1_1' title="bbox 379 129 983 194">
    <p class='ocr_par' dir='ltr' id='par_1_1' title="bbox 379 129 983 194">
     <span class='ocr_line' id='line_1_1' title="bbox 379 129 983 194; baseline 0.003 -13"><span class='ocrx_word' id='word_1_1' title='bbox 379 130 460 183; x_wconf 75' lang='lat' dir='ltr'><strong>CAP.</strong></span> <span class='ocrx_word' id='word_1_2' title='bbox 473 130 603 194; x_wconf 85' lang='lat' dir='ltr'>V.-VII.,</span> <span class='ocrx_word' id='word_1_3' title='bbox 619 129 634 191; x_wconf 66' lang='grc' dir='ltr'><strong>ξ</strong></span> <span class='ocrx_word' id='word_1_4' title='bbox 650 133 738 182; x_wconf 83' lang='grc'><strong>13-21.</strong></span> <span class='ocrx_word' id='word_1_5' title='bbox 779 177 782 182; x_wconf 91' lang='grc'><em>,</em></span> <span class='ocrx_word' id='word_1_6' title='bbox 934 134 983 183; x_wconf 83' lang='grc'>183</span> 
     </span>
    </p>
   </div>
   <div class='ocr_carea' id='block_1_2' title="bbox 78 231 1025 1984">
    <p class='ocr_par' dir='ltr' id='par_1_2' title="bbox 78 231 1016 1106">
     <span class='ocr_line' id='line_1_2' title="bbox 143 231 984 312; baseline 0 -20"><span class='ocrx_word' id='word_1_7' title='bbox 143 252 216 312; x_wconf 88' lang='lat' dir='ltr'>quos</span> <span class='ocrx_word' id='word_1_8' title='bbox 234 239 339 311; x_wconf 85' lang='lat' dir='ltr'>potest</span> <span class='ocrx_word' id='word_1_9' title='bbox 381 231 509 290; x_wconf 86' lang='lat' dir='ltr'>Alterius</span> <span class='ocrx_word' id='word_1_10' title='bbox 525 251 592 289; x_wconf 89' lang='lat' dir='ltr'>vero</span> <span class='ocrx_word' id='word_1_11' title='bbox 609 232 698 309; x_wconf 84' lang='lat' dir='ltr'>partis</span> <span class='ocrx_word' id='word_1_12' title='bbox 713 231 786 290; x_wconf 89' lang='lat' dir='ltr'>nihil</span> <span class='ocrx_word' id='word_1_13' title='bbox 802 231 926 310; x_wconf 89' lang='lat' dir='ltr'>amplius</span> <span class='ocrx_word' id='word_1_14' title='bbox 942 235 984 292; x_wconf 89' lang='lat' dir='ltr'>di-</span> 
     </span>
     <span class='ocr_line' id='line_1_3' title="bbox 142 312 984 391; baseline -0.001 -19"><span class='ocrx_word' id='word_1_15' title='bbox 142 333 206 372; x_wconf 89' lang='lat' dir='ltr'>cam</span> <span class='ocrx_word' id='word_1_16' title='bbox 224 331 318 391; x_wconf 85' lang='lat' dir='ltr'>quam,</span> <span class='ocrx_word' id='word_1_17' title='bbox 331 312 362 370; x_wconf 94' lang='lat' dir='ltr'>id</span> <span class='ocrx_word' id='word_1_18' title='bbox 376 312 455 390; x_wconf 94' lang='lat' dir='ltr'>quod</span> <span class='ocrx_word' id='word_1_19' title='bbox 469 331 569 369; x_wconf 90' lang='lat' dir='ltr'>omnes</span> <span class='ocrx_word' id='word_1_20' title='bbox 585 312 760 383; x_wconf 78' lang='lat' dir='ltr'>verebamur,</span> <span class='ocrx_word' id='word_1_21' title='bbox 772 312 859 369; x_wconf 89' lang='lat' dir='ltr'>nimis</span> <span class='ocrx_word' id='word_1_22' title='bbox 875 313 984 371; x_wconf 90' lang='lat' dir='ltr'>iracun-</span> 
     </span>
     <span class='ocr_line' id='line_1_4' title="bbox 143 390 983 460; baseline -0.002 -9"><span class='ocrx_word' id='word_1_23' title='bbox 143 392 210 451; x_wconf 84' lang='lat' dir='ltr'>dam</span> <span class='ocrx_word' id='word_1_24' title='bbox 231 393 358 450; x_wconf 84' lang='lat' dir='ltr'>futuram</span> <span class='ocrx_word' id='word_1_25' title='bbox 380 391 469 449; x_wconf 81' lang='lat' dir='ltr'>fuisse</span> <span class='ocrx_word' id='word_1_26' title='bbox 489 391 647 449; x_wconf 87' lang='lat' dir='ltr'>victoriam.</span> <span class='ocrx_word' id='word_1_27' title='bbox 692 396 737 449; x_wconf 86' lang='grc'>18.</span> <span class='ocrx_word' id='word_1_28' title='bbox 756 390 881 460; x_wconf 80' lang='lat' dir='ltr'>Quidam</span> <span class='ocrx_word' id='word_1_29' title='bbox 905 393 983 451; x_wconf 92' lang='lat' dir='ltr'>enim</span> 
     </span>
     <span class='ocr_line' id='line_1_5' title="bbox 142 471 985 542; baseline -0.001 -12"><span class='ocrx_word' id='word_1_30' title='bbox 142 491 202 530; x_wconf 90' lang='lat' dir='ltr'>non</span> <span class='ocrx_word' id='word_1_31' title='bbox 216 472 304 530; x_wconf 91' lang='lat' dir='ltr'>modo</span> <span class='ocrx_word' id='word_1_32' title='bbox 321 472 445 542; x_wconf 74' lang='lat' dir='ltr'>sarmatia,</span> <span class='ocrx_word' id='word_1_33' title='bbox 458 471 508 528; x_wconf 91' lang='lat' dir='ltr'>sed</span> <span class='ocrx_word' id='word_1_34' title='bbox 522 471 666 528; x_wconf 89' lang='lat' dir='ltr'>interdum</span> <span class='ocrx_word' id='word_1_35' title='bbox 680 471 767 528; x_wconf 88' lang='lat' dir='ltr'>etiam</span> <span class='ocrx_word' id='word_1_36' title='bbox 782 472 882 529; x_wconf 90' lang='lat' dir='ltr'>otiosis</span> <span class='ocrx_word' id='word_1_37' title='bbox 894 473 985 530; x_wconf 88' lang='lat' dir='ltr'>mina-</span> 
     </span>
     <span class='ocr_line' id='line_1_6' title="bbox 143 551 987 628; baseline -0.001 -18"><span class='ocrx_word' id='word_1_38' title='bbox 143 551 248 610; x_wconf 82' lang='lat' dir='ltr'><strong>bantur</strong></span> <span class='ocrx_word' id='word_1_39' title='bbox 269 570 322 609; x_wconf 88' lang='lat' dir='ltr'>nae</span> <span class='ocrx_word' id='word_1_40' title='bbox 344 551 415 628; x_wconf 94' lang='lat' dir='ltr'>quid</span> <span class='ocrx_word' id='word_1_41' title='bbox 437 551 557 628; x_wconf 89' lang='lat' dir='ltr'>quisque</span> <span class='ocrx_word' id='word_1_42' title='bbox 581 551 723 622; x_wconf 79' lang='lat' dir='ltr'>sensisset,</span> <span class='ocrx_word' id='word_1_43' title='bbox 738 551 789 608; x_wconf 90' lang='lat' dir='ltr'>sed</span> <span class='ocrx_word' id='word_1_44' title='bbox 812 551 862 609; x_wconf 93' lang='lat' dir='ltr'>ubi</span> <span class='ocrx_word' id='word_1_45' title='bbox 882 551 987 610; x_wconf 70' lang='lat' dir='ltr'>fumset</span> 
     </span>
     <span class='ocr_line' id='line_1_7' title="bbox 143 629 985 708; baseline -0.001 -18"><span class='ocrx_word' id='word_1_46' title='bbox 143 630 330 708; x_wconf 86' lang='lat' dir='ltr'>cogitandum</span> <span class='ocrx_word' id='word_1_47' title='bbox 341 649 401 688; x_wconf 90' lang='lat' dir='ltr'>asse</span> <span class='ocrx_word' id='word_1_48' title='bbox 412 629 562 688; x_wconf 81' lang='lat' dir='ltr'><strong>dicebant:</strong></span> <span class='ocrx_word' id='word_1_49' title='bbox 579 636 613 687; x_wconf 91' lang='lat' dir='ltr'>ut</span> <span class='ocrx_word' id='word_1_50' title='bbox 623 630 695 686; x_wconf 89' lang='lat' dir='ltr'>mibi</span> <span class='ocrx_word' id='word_1_51' title='bbox 707 629 823 707; x_wconf 91' lang='lat' dir='ltr'>quidem</span> <span class='ocrx_word' id='word_1_52' title='bbox 834 630 985 690; x_wconf 87' lang='lat' dir='ltr'>videantur</span> 
     </span>
     <span class='ocr_line' id='line_1_8' title="bbox 144 708 984 787; baseline 0.001 -19"><span class='ocrx_word' id='word_1_53' title='bbox 144 711 175 768; x_wconf 93' lang='lat' dir='ltr'>di</span> <span class='ocrx_word' id='word_1_54' title='bbox 188 710 372 783; x_wconf 87' lang='lat' dir='ltr'>immortales,</span> <span class='ocrx_word' id='word_1_55' title='bbox 385 710 472 768; x_wconf 85' lang='lat' dir='ltr'>etiam</span> <span class='ocrx_word' id='word_1_56' title='bbox 486 710 510 767; x_wconf 94' lang='lat' dir='ltr'>si</span> <span class='ocrx_word' id='word_1_57' title='bbox 524 728 632 787; x_wconf 84' lang='lat' dir='ltr'>poenas</span> <span class='ocrx_word' id='word_1_58' title='bbox 645 729 663 766; x_wconf 88' lang='lat' dir='ltr'>a</span> <span class='ocrx_word' id='word_1_59' title='bbox 675 708 785 787; x_wconf 92' lang='lat' dir='ltr'>populo</span> <span class='ocrx_word' id='word_1_60' title='bbox 799 709 931 768; x_wconf 84' lang='lat' dir='ltr'>Romano</span> <span class='ocrx_word' id='word_1_61' title='bbox 946 711 984 769; x_wconf 95' lang='lat' dir='ltr'>ob</span> 
     </span>
     <span class='ocr_line' id='line_1_9' title="bbox 119 789 986 868; baseline 0 -20"><span class='ocrx_word' id='word_1_62' title='bbox 119 841 124 848; x_wconf 93' lang='lat'>.</span> <span class='ocrx_word' id='word_1_63' title='bbox 144 791 261 868; x_wconf 82' lang='lat' dir='ltr'>aliquod</span> <span class='ocrx_word' id='word_1_64' title='bbox 274 789 412 848; x_wconf 89' lang='lat' dir='ltr'>delictum</span> <span class='ocrx_word' id='word_1_65' title='bbox 426 789 632 868; x_wconf 84' lang='lat' dir='ltr'>expetiverunt,</span> <span class='ocrx_word' id='word_1_66' title='bbox 644 789 694 867; x_wconf 93' lang='lat' dir='ltr'>qui</span> <span class='ocrx_word' id='word_1_67' title='bbox 708 789 790 848; x_wconf 86' lang='lat' dir='ltr'>civile</span> <span class='ocrx_word' id='word_1_68' title='bbox 803 789 910 847; x_wconf 90' lang='lat' dir='ltr'>bellum</span> <span class='ocrx_word' id='word_1_69' title='bbox 924 797 986 848; x_wconf 86' lang='lat' dir='ltr'>tan·</span> 
     </span>
     <span class='ocr_line' id='line_1_10' title="bbox 143 866 1016 946; baseline -0.002 -19"><span class='ocrx_word' id='word_1_70' title='bbox 143 876 207 927; x_wconf 90' lang='lat' dir='ltr'>tum</span> <span class='ocrx_word' id='word_1_71' title='bbox 225 877 254 929; x_wconf 91' lang='lat' dir='ltr'>et</span> <span class='ocrx_word' id='word_1_72' title='bbox 269 877 330 928; x_wconf 82' lang='lat' dir='ltr'>tam</span> <span class='ocrx_word' id='word_1_73' title='bbox 347 869 509 928; x_wconf 87' lang='lat' dir='ltr'>luctuosum</span> <span class='ocrx_word' id='word_1_74' title='bbox 530 866 732 941; x_wconf 85' lang='lat' dir='ltr'>excitaverunt,</span> <span class='ocrx_word' id='word_1_75' title='bbox 744 869 789 927; x_wconf 91' lang='lat' dir='ltr'>vel</span> <span class='ocrx_word' id='word_1_76' title='bbox 799 869 909 946; x_wconf 82' lang='lat' dir='ltr'>&#39;placati</span> <span class='ocrx_word' id='word_1_77' title='bbox 926 870 985 928; x_wconf 89' lang='lat' dir='ltr'>iam</span> <span class='ocrx_word' id='word_1_78' title='bbox 1014 919 1016 925; x_wconf 93' lang='lat'><em>.</em></span> 
     </span>
     <span class='ocr_line' id='line_1_11' title="bbox 144 949 986 1027; baseline 0.001 -20"><span class='ocrx_word' id='word_1_79' title='bbox 144 949 189 1007; x_wconf 89' lang='lat' dir='ltr'>vel</span> <span class='ocrx_word' id='word_1_80' title='bbox 200 950 296 1007; x_wconf 88' lang='lat' dir='ltr'>satiati</span> <span class='ocrx_word' id='word_1_81' title='bbox 309 949 463 1027; x_wconf 84' lang='lat' dir='ltr'>aliquando</span> <span class='ocrx_word' id='word_1_82' title='bbox 478 967 593 1006; x_wconf 90' lang='lat' dir='ltr'>omnem</span> <span class='ocrx_word' id='word_1_83' title='bbox 608 967 688 1026; x_wconf 92' lang='lat' dir='ltr'>spem</span> <span class='ocrx_word' id='word_1_84' title='bbox 702 949 802 1007; x_wconf 85' lang='lat' dir='ltr'>salutis</span> <span class='ocrx_word' id='word_1_85' title='bbox 815 949 853 1008; x_wconf 88' lang='lat' dir='ltr'>ad</span> <span class='ocrx_word' id='word_1_86' title='bbox 864 950 986 1008; x_wconf 90' lang='lat' dir='ltr'>clemen·</span> 
     </span>
     <span class='ocr_line' id='line_1_12' title="bbox 78 1029 747 1106; baseline -0.006 -15"><span class='ocrx_word' id='word_1_87' title='bbox 78 1085 83 1092; x_wconf 92' lang='lat'>.</span> <span class='ocrx_word' id='word_1_88' title='bbox 144 1030 215 1087; x_wconf 85' lang='lat' dir='ltr'>tiam</span> <span class='ocrx_word' id='word_1_89' title='bbox 229 1029 346 1088; x_wconf 88' lang='lat' dir='ltr'>victoris</span> <span class='ocrx_word' id='word_1_90' title='bbox 359 1035 389 1087; x_wconf 91' lang='lat' dir='ltr'>et</span> <span class='ocrx_word' id='word_1_91' title='bbox 402 1029 571 1106; x_wconf 80' lang='lat' dir='ltr'>sapientiam</span> <span class='ocrx_word' id='word_1_92' title='bbox 586 1029 747 1088; x_wconf 80' lang='lat' dir='ltr'>contulisse.</span> 
     </span>
    </p>

    <p class='ocr_par' dir='ltr' id='par_1_3' title="bbox 114 1108 1025 1984">
     <span class='ocr_line' id='line_1_13' title="bbox 187 1108 986 1185; baseline 0.001 -18"><span class='ocrx_word' id='word_1_93' title='bbox 187 1115 232 1168; x_wconf 87' lang='grc'>19.</span> <span class='ocrx_word' id='word_1_94' title='bbox 248 1109 312 1178; x_wconf 79' lang='lat' dir='ltr'>Qua</span> <span class='ocrx_word' id='word_1_95' title='bbox 327 1128 357 1167; x_wconf 90' lang='lat' dir='ltr'>re</span> <span class='ocrx_word' id='word_1_96' title='bbox 373 1109 467 1185; x_wconf 87' lang='lat' dir='ltr'>gaude</span> <span class='ocrx_word' id='word_1_97' title='bbox 482 1115 534 1166; x_wconf 93' lang='lat' dir='ltr'>tuo</span> <span class='ocrx_word' id='word_1_98' title='bbox 548 1109 605 1166; x_wconf 93' lang='lat' dir='ltr'>isto</span> <span class='ocrx_word' id='word_1_99' title='bbox 618 1114 678 1165; x_wconf 89' lang='lat' dir='ltr'>tam</span> <span class='ocrx_word' id='word_1_100' title='bbox 696 1108 844 1167; x_wconf 85' lang='lat' dir='ltr'>excellenti</span> <span class='ocrx_word' id='word_1_101' title='bbox 857 1109 944 1182; x_wconf 93' lang='lat' dir='ltr'>bono,</span> <span class='ocrx_word' id='word_1_102' title='bbox 956 1116 986 1168; x_wconf 91' lang='lat' dir='ltr'>et</span> 
     </span>
     <span class='ocr_line' id='line_1_14' title="bbox 114 1187 986 1265; baseline 0.001 -18"><span class='ocrx_word' id='word_1_103' title='bbox 114 1198 117 1204; x_wconf 85' lang='lat'>&#39;</span> <span class='ocrx_word' id='word_1_104' title='bbox 144 1190 239 1247; x_wconf 87' lang='lat' dir='ltr'>fruere</span> <span class='ocrx_word' id='word_1_105' title='bbox 259 1207 325 1247; x_wconf 88' lang='lat' dir='ltr'>cum</span> <span class='ocrx_word' id='word_1_106' title='bbox 343 1188 462 1246; x_wconf 84' lang='lat' dir='ltr'>fortuna</span> <span class='ocrx_word' id='word_1_107' title='bbox 483 1195 513 1247; x_wconf 89' lang='lat' dir='ltr'>et</span> <span class='ocrx_word' id='word_1_108' title='bbox 534 1187 707 1265; x_wconf 85' lang='lat' dir='ltr'>gloriatum</span> <span class='ocrx_word' id='word_1_109' title='bbox 729 1188 815 1258; x_wconf 83' lang='lat' dir='ltr'>etiam</span> <span class='ocrx_word' id='word_1_110' title='bbox 837 1196 986 1248; x_wconf 82' lang='lat' dir='ltr'>naturast</span> 
     </span>
     <span class='ocr_line' id='line_1_15' title="bbox 144 1267 986 1346; baseline 0 -20"><span class='ocrx_word' id='word_1_111' title='bbox 144 1267 273 1327; x_wconf 84' lang='lat' dir='ltr'>moribus</span> <span class='ocrx_word' id='word_1_112' title='bbox 293 1268 367 1326; x_wconf 88' lang='lat' dir='ltr'>tuis:</span> <span class='ocrx_word' id='word_1_113' title='bbox 389 1288 423 1326; x_wconf 86' lang='lat' dir='ltr'>ex</span> <span class='ocrx_word' id='word_1_114' title='bbox 441 1287 499 1346; x_wconf 93' lang='lat' dir='ltr'>quo</span> <span class='ocrx_word' id='word_1_115' title='bbox 516 1267 633 1346; x_wconf 91' lang='lat' dir='ltr'>quidem</span> <span class='ocrx_word' id='word_1_116' title='bbox 653 1267 795 1326; x_wconf 89' lang='lat' dir='ltr'>maximus</span> <span class='ocrx_word' id='word_1_117' title='bbox 815 1268 986 1327; x_wconf 77' lang='lat' dir='ltr'>estimatus</span> 
     </span>
     <span class='ocr_line' id='line_1_16' title="bbox 146 1347 984 1426; baseline 0 -20"><span class='ocrx_word' id='word_1_118' title='bbox 146 1349 366 1426; x_wconf 80' lang='lat' dir='ltr'>iucunditasque</span> <span class='ocrx_word' id='word_1_119' title='bbox 377 1348 508 1425; x_wconf 82' lang='lat' dir='ltr'>sapienti.</span> <span class='ocrx_word' id='word_1_120' title='bbox 543 1347 646 1406; x_wconf 86' lang='lat' dir='ltr'>Cetera</span> <span class='ocrx_word' id='word_1_121' title='bbox 655 1367 721 1405; x_wconf 90' lang='lat' dir='ltr'>cum</span> <span class='ocrx_word' id='word_1_122' title='bbox 732 1354 783 1405; x_wconf 89' lang='lat' dir='ltr'>tua</span> <span class='ocrx_word' id='word_1_123' title='bbox 792 1347 984 1420; x_wconf 69' lang='lat' dir='ltr'>recondebam,</span> 
     </span>
     <span class='ocr_line' id='line_1_17' title="bbox 145 1427 990 1506; baseline 0.004 -20"><span class='ocrx_word' id='word_1_124' title='bbox 145 1429 200 1487; x_wconf 87' lang='lat' dir='ltr'>etsi</span> <span class='ocrx_word' id='word_1_125' title='bbox 213 1447 348 1506; x_wconf 86' lang='lat' dir='ltr'>persaepe</span> <span class='ocrx_word' id='word_1_126' title='bbox 361 1428 469 1499; x_wconf 86' lang='lat' dir='ltr'>virtuti,</span> <span class='ocrx_word' id='word_1_127' title='bbox 481 1434 578 1486; x_wconf 91' lang='lat' dir='ltr'>tamen</span> <span class='ocrx_word' id='word_1_128' title='bbox 592 1427 760 1505; x_wconf 88' lang='lat' dir='ltr'>plemmque</span> <span class='ocrx_word' id='word_1_129' title='bbox 773 1427 906 1486; x_wconf 86' lang='lat' dir='ltr'>felicitati</span> <span class='ocrx_word' id='word_1_130' title='bbox 919 1435 990 1490; x_wconf 84' lang='lat' dir='ltr'>tuae.</span> 
     </span>
     <span class='ocr_line' id='line_1_18' title="bbox 145 1506 989 1586; baseline 0 -21"><span class='ocrx_word' id='word_1_131' title='bbox 145 1507 340 1586; x_wconf 83' lang='lat' dir='ltr'>gratulabere:</span> <span class='ocrx_word' id='word_1_132' title='bbox 362 1507 398 1565; x_wconf 91' lang='lat' dir='ltr'>de</span> <span class='ocrx_word' id='word_1_133' title='bbox 414 1507 506 1579; x_wconf 85' lang='lat' dir='ltr'>uobis,</span> <span class='ocrx_word' id='word_1_134' title='bbox 518 1526 591 1584; x_wconf 92' lang='lat' dir='ltr'>quos</span> <span class='ocrx_word' id='word_1_135' title='bbox 607 1507 637 1564; x_wconf 92' lang='lat' dir='ltr'>in</span> <span class='ocrx_word' id='word_1_136' title='bbox 654 1525 684 1566; x_wconf 88' lang='lat' dir='ltr'>re</span> <span class='ocrx_word' id='word_1_137' title='bbox 704 1506 819 1585; x_wconf 89' lang='lat' dir='ltr'>publica</span> <span class='ocrx_word' id='word_1_138' title='bbox 834 1513 930 1565; x_wconf 90' lang='lat' dir='ltr'>teemn</span> <span class='ocrx_word' id='word_1_139' title='bbox 951 1509 989 1565; x_wconf 57' lang='lat' dir='ltr'>si*</span> 
     </span>
     <span class='ocr_line' id='line_1_19' title="bbox 145 1582 986 1668; baseline -0.001 -22"><span class='ocrx_word' id='word_1_140' title='bbox 145 1587 207 1646; x_wconf 91' lang='lat' dir='ltr'>mul</span> <span class='ocrx_word' id='word_1_141' title='bbox 222 1582 341 1668; x_wconf 86' lang='lat' dir='ltr'>[salvos]</span> <span class='ocrx_word' id='word_1_142' title='bbox 355 1606 415 1645; x_wconf 89' lang='lat' dir='ltr'>esse</span> <span class='ocrx_word' id='word_1_143' title='bbox 431 1587 556 1659; x_wconf 75' lang='lat' dir='ltr'>uoluisti,</span> <span class='ocrx_word' id='word_1_144' title='bbox 569 1583 702 1664; x_wconf 85' lang='lat' dir='ltr'>quotiens</span> <span class='ocrx_word' id='word_1_145' title='bbox 718 1587 867 1665; x_wconf 81' lang='lat' dir='ltr'>cogitabis,</span> <span class='ocrx_word' id='word_1_146' title='bbox 879 1589 986 1646; x_wconf 91' lang='lat' dir='ltr'>totiens</span> 
     </span>
     <span class='ocr_line' id='line_1_20' title="bbox 146 1665 1025 1740; baseline 0.001 -15"><span class='ocrx_word' id='word_1_147' title='bbox 146 1668 182 1726; x_wconf 93' lang='lat' dir='ltr'>de</span> <span class='ocrx_word' id='word_1_148' title='bbox 195 1668 330 1725; x_wconf 89' lang='lat' dir='ltr'>maximis</span> <span class='ocrx_word' id='word_1_149' title='bbox 343 1667 401 1726; x_wconf 89' lang='lat' dir='ltr'>tuis</span> <span class='ocrx_word' id='word_1_150' title='bbox 412 1665 565 1740; x_wconf 87' lang='lat' dir='ltr'>beneficiis,</span> <span class='ocrx_word' id='word_1_151' title='bbox 577 1667 684 1725; x_wconf 84' lang='lat' dir='ltr'>totiena</span> <span class='ocrx_word' id='word_1_152' title='bbox 698 1666 734 1725; x_wconf 94' lang='lat' dir='ltr'>de</span> <span class='ocrx_word' id='word_1_153' title='bbox 747 1666 908 1726; x_wconf 86' lang='lat' dir='ltr'>incredibili</span> <span class='ocrx_word' id='word_1_154' title='bbox 918 1668 987 1726; x_wconf 93' lang='lat' dir='ltr'>libe·</span> <span class='ocrx_word' id='word_1_155' title='bbox 1024 1708 1025 1711; x_wconf 17' lang='grc' dir='ltr'>η</span> 
     </span>
     <span class='ocr_line' id='line_1_21' title="bbox 145 1747 985 1826; baseline 0 -20"><span class='ocrx_word' id='word_1_156' title='bbox 145 1748 266 1820; x_wconf 86' lang='lat' dir='ltr'>ralitate,</span> <span class='ocrx_word' id='word_1_157' title='bbox 277 1748 385 1806; x_wconf 90' lang='lat' dir='ltr'>totiens</span> <span class='ocrx_word' id='word_1_158' title='bbox 401 1747 438 1805; x_wconf 91' lang='lat' dir='ltr'>de</span> <span class='ocrx_word' id='word_1_159' title='bbox 455 1747 592 1825; x_wconf 78' lang='lat' dir='ltr'>singulari</span> <span class='ocrx_word' id='word_1_160' title='bbox 608 1747 748 1824; x_wconf 88' lang='lat' dir='ltr'>sapientia</span> <span class='ocrx_word' id='word_1_161' title='bbox 764 1754 815 1805; x_wconf 90' lang='lat' dir='ltr'>tua</span> <span class='ocrx_word' id='word_1_162' title='bbox 828 1748 985 1826; x_wconf 84' lang='lat' dir='ltr'>cogitabis:</span> 
     </span>
     <span class='ocr_line' id='line_1_22' title="bbox 147 1827 986 1905; baseline 0.001 -20"><span class='ocrx_word' id='word_1_163' title='bbox 147 1847 220 1905; x_wconf 83' lang='lat' dir='ltr'>quae</span> <span class='ocrx_word' id='word_1_164' title='bbox 237 1847 296 1885; x_wconf 89' lang='lat' dir='ltr'>nou</span> <span class='ocrx_word' id='word_1_165' title='bbox 317 1827 406 1885; x_wconf 89' lang='lat' dir='ltr'>modo</span> <span class='ocrx_word' id='word_1_166' title='bbox 426 1847 539 1884; x_wconf 87' lang='lat' dir='ltr'>summa</span> <span class='ocrx_word' id='word_1_167' title='bbox 553 1827 638 1898; x_wconf 86' lang='lat' dir='ltr'>bona,</span> <span class='ocrx_word' id='word_1_168' title='bbox 650 1827 701 1885; x_wconf 90' lang='lat' dir='ltr'>sed</span> <span class='ocrx_word' id='word_1_169' title='bbox 717 1828 853 1885; x_wconf 90' lang='lat' dir='ltr'>nimirum</span> <span class='ocrx_word' id='word_1_170' title='bbox 872 1827 986 1904; x_wconf 21' lang='lat' dir='ltr'>,audebo</span> 
     </span>
     <span class='ocr_line' id='line_1_23' title="bbox 146 1906 986 1984; baseline 0.001 -19"><span class='ocrx_word' id='word_1_171' title='bbox 146 1907 191 1966; x_wconf 89' lang='lat' dir='ltr'>vel</span> <span class='ocrx_word' id='word_1_172' title='bbox 208 1907 269 1966; x_wconf 86' lang='lat' dir='ltr'>sola</span> <span class='ocrx_word' id='word_1_173' title='bbox 285 1907 386 1967; x_wconf 90' lang='lat' dir='ltr'>dicere.</span> <span class='ocrx_word' id='word_1_174' title='bbox 428 1906 538 1964; x_wconf 87' lang='lat' dir='ltr'>Tantus</span> <span class='ocrx_word' id='word_1_175' title='bbox 554 1913 598 1964; x_wconf 87' lang='lat' dir='ltr'>est</span> <span class='ocrx_word' id='word_1_176' title='bbox 615 1907 692 1964; x_wconf 87' lang='lat' dir='ltr'>enim</span> <span class='ocrx_word' id='word_1_177' title='bbox 709 1907 844 1984; x_wconf 88' lang='lat' dir='ltr'>splendor</span> <span class='ocrx_word' id='word_1_178' title='bbox 856 1907 887 1965; x_wconf 92' lang='lat' dir='ltr'>in</span> <span class='ocrx_word' id='word_1_179' title='bbox 901 1908 986 1966; x_wconf 87' lang='lat' dir='ltr'>laude</span> 
     </span>
    </p>
   </div>
   <div class='ocr_carea' id='block_1_3' title="bbox 42 1986 1056 2065">
    <p class='ocr_par' dir='ltr' id='par_1_4' title="bbox 42 1986 1056 2065">
     <span class='ocr_line' id='line_1_24' title="bbox 42 1986 1056 2065; baseline 0.004 -22"><span class='ocrx_word' id='word_1_180' title='bbox 42 2043 46 2050; x_wconf 79' lang='grc'><em>,</em></span> <span class='ocrx_word' id='word_1_181' title='bbox 146 2006 220 2059; x_wconf 88' lang='lat' dir='ltr'>vera,</span> <span class='ocrx_word' id='word_1_182' title='bbox 232 1994 313 2046; x_wconf 87' lang='lat' dir='ltr'>tanta</span> <span class='ocrx_word' id='word_1_183' title='bbox 325 1988 356 2044; x_wconf 89' lang='lat' dir='ltr'>in</span> <span class='ocrx_word' id='word_1_184' title='bbox 370 1987 569 2064; x_wconf 82' lang='lat' dir='ltr'>magnitudine</span> <span class='ocrx_word' id='word_1_185' title='bbox 583 1986 672 2044; x_wconf 91' lang='lat' dir='ltr'>animi</span> <span class='ocrx_word' id='word_1_186' title='bbox 685 1987 836 2044; x_wconf 90' lang='lat' dir='ltr'>etconsilii</span> <span class='ocrx_word' id='word_1_187' title='bbox 850 1987 985 2065; x_wconf 82' lang='lat' dir='ltr'>dignitas,</span> <span class='ocrx_word' id='word_1_188' title='bbox 1053 2011 1056 2015; x_wconf 94' lang='lat'>·</span> 
     </span>
    </p>
   </div>
   <div class='ocr_carea' id='block_1_4' title="bbox 94 2065 1054 3260">
    <p class='ocr_par' dir='ltr' id='par_1_5' title="bbox 94 2065 1054 3260">
     <span class='ocr_line' id='line_1_25' title="bbox 146 2065 987 2137; baseline 0.001 -12"><span class='ocrx_word' id='word_1_189' title='bbox 146 2074 180 2125; x_wconf 90' lang='lat' dir='ltr'>ut</span> <span class='ocrx_word' id='word_1_190' title='bbox 189 2067 260 2126; x_wconf 87' lang='lat' dir='ltr'>baec</span> <span class='ocrx_word' id='word_1_191' title='bbox 274 2067 406 2124; x_wconf 85' lang='lat' dir='ltr'>avirtute</span> <span class='ocrx_word' id='word_1_192' title='bbox 416 2067 531 2137; x_wconf 86' lang='lat' dir='ltr'>donata,</span> <span class='ocrx_word' id='word_1_193' title='bbox 541 2072 634 2124; x_wconf 86' lang='lat' dir='ltr'>cetera</span> <span class='ocrx_word' id='word_1_194' title='bbox 647 2065 792 2124; x_wconf 83' lang='lat' dir='ltr'>afortuna</span> <span class='ocrx_word' id='word_1_195' title='bbox 804 2068 987 2126; x_wconf 87' lang='lat' dir='ltr'>commodata</span> 
     </span>
     <span class='ocr_line' id='line_1_26' title="bbox 147 2145 988 2224; baseline -0.002 -19"><span class='ocrx_word' id='word_1_196' title='bbox 147 2166 208 2205; x_wconf 88' lang='lat' dir='ltr'>esse</span> <span class='ocrx_word' id='word_1_197' title='bbox 218 2147 375 2206; x_wconf 88' lang='lat' dir='ltr'>videantur.</span> <span class='ocrx_word' id='word_1_198' title='bbox 412 2152 458 2205; x_wconf 79' lang='lat'>20.</span> <span class='ocrx_word' id='word_1_199' title='bbox 470 2146 539 2204; x_wconf 91' lang='lat' dir='ltr'>Noli</span> <span class='ocrx_word' id='word_1_200' title='bbox 553 2147 641 2224; x_wconf 89' lang='lat' dir='ltr'>igitur</span> <span class='ocrx_word' id='word_1_201' title='bbox 651 2145 681 2203; x_wconf 89' lang='lat' dir='ltr'>iu</span> <span class='ocrx_word' id='word_1_202' title='bbox 692 2146 893 2204; x_wconf 87' lang='lat' dir='ltr'>conservandis</span> <span class='ocrx_word' id='word_1_203' title='bbox 902 2147 988 2205; x_wconf 89' lang='lat' dir='ltr'>bonis</span> 
     </span>
     <span class='ocr_line' id='line_1_27' title="bbox 147 2224 987 2304; baseline -0.001 -19"><span class='ocrx_word' id='word_1_204' title='bbox 147 2227 215 2285; x_wconf 82' lang='lat' dir='ltr'>viria</span> <span class='ocrx_word' id='word_1_205' title='bbox 228 2226 389 2304; x_wconf 84' lang='lat' dir='ltr'>defetigari,</span> <span class='ocrx_word' id='word_1_206' title='bbox 398 2245 458 2284; x_wconf 92' lang='lat' dir='ltr'>non</span> <span class='ocrx_word' id='word_1_207' title='bbox 475 2226 633 2303; x_wconf 88' lang='lat' dir='ltr'>cupiditate</span> <span class='ocrx_word' id='word_1_208' title='bbox 645 2225 813 2303; x_wconf 83' lang='lat' dir='ltr'>praesertim</span> <span class='ocrx_word' id='word_1_209' title='bbox 829 2224 925 2303; x_wconf 86' lang='lat' dir='ltr'>aliqua</span> <span class='ocrx_word' id='word_1_210' title='bbox 937 2233 987 2284; x_wconf 89' lang='lat' dir='ltr'>aut</span> 
     </span>
     <span class='ocr_line' id='line_1_28' title="bbox 94 2304 985 2384; baseline -0.001 -19"><span class='ocrx_word' id='word_1_211' title='bbox 94 2339 96 2344; x_wconf 83' lang='lat'><em>.</em></span> <span class='ocrx_word' id='word_1_212' title='bbox 147 2307 288 2384; x_wconf 87' lang='lat' dir='ltr'>pravitate</span> <span class='ocrx_word' id='word_1_213' title='bbox 308 2307 402 2383; x_wconf 88' lang='lat' dir='ltr'>lapsis,</span> <span class='ocrx_word' id='word_1_214' title='bbox 418 2305 469 2364; x_wconf 88' lang='lat' dir='ltr'>sed</span> <span class='ocrx_word' id='word_1_215' title='bbox 483 2307 621 2383; x_wconf 87' lang='lat' dir='ltr'>opinione</span> <span class='ocrx_word' id='word_1_216' title='bbox 642 2304 729 2363; x_wconf 88' lang='lat' dir='ltr'>officii</span> <span class='ocrx_word' id='word_1_217' title='bbox 750 2305 837 2363; x_wconf 88' lang='lat' dir='ltr'>stulta</span> <span class='ocrx_word' id='word_1_218' title='bbox 856 2305 985 2378; x_wconf 84' lang='lat' dir='ltr'>fortasse,</span> 
     </span>
     <span class='ocr_line' id='line_1_29' title="bbox 121 2384 996 2464; baseline 0.005 -24"><span class='ocrx_word' id='word_1_219' title='bbox 121 2432 124 2440; x_wconf 89' lang='lat'><em>.</em></span> <span class='ocrx_word' id='word_1_220' title='bbox 147 2394 224 2445; x_wconf 90' lang='lat' dir='ltr'>carte</span> <span class='ocrx_word' id='word_1_221' title='bbox 239 2406 298 2444; x_wconf 88' lang='lat' dir='ltr'>non</span> <span class='ocrx_word' id='word_1_222' title='bbox 317 2385 458 2464; x_wconf 85' lang='lat' dir='ltr'>improba,</span> <span class='ocrx_word' id='word_1_223' title='bbox 473 2393 503 2444; x_wconf 90' lang='lat' dir='ltr'>et</span> <span class='ocrx_word' id='word_1_224' title='bbox 519 2385 613 2462; x_wconf 87' lang='lat' dir='ltr'>specie</span> <span class='ocrx_word' id='word_1_225' title='bbox 634 2384 756 2462; x_wconf 88' lang='lat' dir='ltr'>quadam</span> <span class='ocrx_word' id='word_1_226' title='bbox 777 2385 819 2442; x_wconf 91' lang='lat' dir='ltr'>rai</span> <span class='ocrx_word' id='word_1_227' title='bbox 838 2385 996 2462; x_wconf 84' lang='lat' dir='ltr'>publicae:-</span> 
     </span>
     <span class='ocr_line' id='line_1_30' title="bbox 141 2464 986 2543; baseline -0.001 -20"><span class='ocrx_word' id='word_1_228' title='bbox 141 2467 206 2523; x_wconf 91' lang='lat' dir='ltr'>&#39;non</span> <span class='ocrx_word' id='word_1_229' title='bbox 223 2466 301 2524; x_wconf 89' lang='lat' dir='ltr'>enim</span> <span class='ocrx_word' id='word_1_230' title='bbox 317 2473 368 2524; x_wconf 89' lang='lat' dir='ltr'>tua</span> <span class='ocrx_word' id='word_1_231' title='bbox 384 2465 442 2523; x_wconf 89' lang='lat' dir='ltr'>ulla</span> <span class='ocrx_word' id='word_1_232' title='bbox 457 2464 541 2543; x_wconf 84' lang='lat' dir='ltr'>culpa</span> <span class='ocrx_word' id='word_1_233' title='bbox 556 2471 608 2536; x_wconf 87' lang='lat' dir='ltr'>est,</span> <span class='ocrx_word' id='word_1_234' title='bbox 623 2466 648 2522; x_wconf 87' lang='lat' dir='ltr'>si</span> <span class='ocrx_word' id='word_1_235' title='bbox 666 2472 695 2522; x_wconf 90' lang='lat' dir='ltr'>te</span> <span class='ocrx_word' id='word_1_236' title='bbox 716 2465 806 2543; x_wconf 83' lang='lat' dir='ltr'>aliqui</span> <span class='ocrx_word' id='word_1_237' title='bbox 820 2466 986 2537; x_wconf 88' lang='lat' dir='ltr'>timuerunt,</span> 
     </span>
     <span class='ocr_line' id='line_1_31' title="bbox 148 2544 988 2624; baseline -0.002 -20"><span class='ocrx_word' id='word_1_238' title='bbox 148 2553 303 2624; x_wconf 88' lang='lat' dir='ltr'>contraque</span> <span class='ocrx_word' id='word_1_239' title='bbox 314 2565 426 2604; x_wconf 86' lang='lat' dir='ltr'>summa</span> <span class='ocrx_word' id='word_1_240' title='bbox 435 2545 505 2618; x_wconf 86' lang='lat' dir='ltr'>lans,</span> <span class='ocrx_word' id='word_1_241' title='bbox 513 2544 720 2622; x_wconf 86' lang='lat' dir='ltr'>quodminime</span> <span class='ocrx_word' id='word_1_242' title='bbox 728 2544 890 2603; x_wconf 90' lang='lat' dir='ltr'>timendum</span> <span class='ocrx_word' id='word_1_243' title='bbox 899 2545 988 2603; x_wconf 81' lang='lat' dir='ltr'>finisse</span> 
     </span>
     <span class='ocr_line' id='line_1_32' title="bbox 148 2632 1054 2684; baseline 0 -1"><span class='ocrx_word' id='word_1_244' title='bbox 148 2632 305 2684; x_wconf 88' lang='lat' dir='ltr'>senserunt.</span> <span class='ocrx_word' id='word_1_245' title='bbox 1052 2635 1054 2638; x_wconf 83' lang='lat'>&#39;</span> 
     </span>
     <span class='ocr_line' id='line_1_33' title="bbox 189 2703 989 2783; baseline -0.004 -19"><span class='ocrx_word' id='word_1_246' title='bbox 189 2705 256 2764; x_wconf 88' lang='lat' dir='ltr'>VH.</span> <span class='ocrx_word' id='word_1_247' title='bbox 288 2711 335 2764; x_wconf 78' lang='lat'>21.</span> <span class='ocrx_word' id='word_1_248' title='bbox 346 2704 433 2764; x_wconf 88' lang='lat' dir='ltr'>Nunc</span> <span class='ocrx_word' id='word_1_249' title='bbox 441 2704 524 2764; x_wconf 89' lang='lat' dir='ltr'>venio</span> <span class='ocrx_word' id='word_1_250' title='bbox 538 2704 576 2763; x_wconf 86' lang='lat' dir='ltr'>ad</span> <span class='ocrx_word' id='word_1_251' title='bbox 588 2703 784 2782; x_wconf 85' lang='lat' dir='ltr'>gravissimam</span> <span class='ocrx_word' id='word_1_252' title='bbox 796 2704 948 2783; x_wconf 87' lang='lat' dir='ltr'>querellam</span> <span class='ocrx_word' id='word_1_253' title='bbox 960 2710 989 2762; x_wconf 94' lang='lat' dir='ltr'>et</span> 
     </span>
     <span class='ocr_line' id='line_1_34' title="bbox 149 2784 989 2868; baseline -0.001 -25"><span class='ocrx_word' id='word_1_254' title='bbox 149 2785 356 2844; x_wconf 84' lang='lat' dir='ltr'>atrocissimam</span> <span class='ocrx_word' id='word_1_255' title='bbox 373 2786 561 2863; x_wconf 85' lang='lat' dir='ltr'>suspitionem</span> <span class='ocrx_word' id='word_1_256' title='bbox 578 2792 675 2843; x_wconf 89' lang='lat' dir='ltr'>tuam:</span> <span class='ocrx_word' id='word_1_257' title='bbox 699 2804 771 2864; x_wconf 83' lang='lat' dir='ltr'>quae</span> <span class='ocrx_word' id='word_1_258' title='bbox 787 2804 846 2843; x_wconf 93' lang='lat' dir='ltr'>non</span> <span class='ocrx_word' id='word_1_259' title='bbox 863 2785 917 2843; x_wconf 92' lang='lat' dir='ltr'>tibi</span> <span class='ocrx_word' id='word_1_260' title='bbox 932 2784 989 2868; x_wconf 89' lang='lat' dir='ltr'>ipsi</span> 
     </span>
     <span class='ocr_line' id='line_1_35' title="bbox 149 2864 987 2943; baseline 0 -21"><span class='ocrx_word' id='word_1_261' title='bbox 149 2865 241 2942; x_wconf 81' lang='lat' dir='ltr'>magis</span> <span class='ocrx_word' id='word_1_262' title='bbox 252 2884 338 2943; x_wconf 84' lang='lat' dir='ltr'>quam</span> <span class='ocrx_word' id='word_1_263' title='bbox 349 2885 414 2924; x_wconf 89' lang='lat' dir='ltr'>cum</span> <span class='ocrx_word' id='word_1_264' title='bbox 426 2865 560 2923; x_wconf 88' lang='lat' dir='ltr'>omnibus</span> <span class='ocrx_word' id='word_1_265' title='bbox 568 2865 679 2923; x_wconf 83' lang='lat' dir='ltr'>civibus</span> <span class='ocrx_word' id='word_1_266' title='bbox 686 2872 750 2923; x_wconf 92' lang='lat' dir='ltr'>tum</span> <span class='ocrx_word' id='word_1_267' title='bbox 760 2865 885 2922; x_wconf 85' lang='lat' dir='ltr'>maxime</span> <span class='ocrx_word' id='word_1_268' title='bbox 895 2864 987 2936; x_wconf 92' lang='lat' dir='ltr'>nobis,</span> 
     </span>
     <span class='ocr_line' id='line_1_36' title="bbox 150 2945 989 3022; baseline -0.004 -19"><span class='ocrx_word' id='word_1_269' title='bbox 150 2945 200 3022; x_wconf 93' lang='lat' dir='ltr'>qui</span> <span class='ocrx_word' id='word_1_270' title='bbox 221 2964 238 3002; x_wconf 91' lang='lat' dir='ltr'>a</span> <span class='ocrx_word' id='word_1_271' title='bbox 261 2951 291 3002; x_wconf 91' lang='lat' dir='ltr'>te</span> <span class='ocrx_word' id='word_1_272' title='bbox 314 2946 472 3003; x_wconf 84' lang='lat' dir='ltr'>conservati</span> <span class='ocrx_word' id='word_1_273' title='bbox 496 2964 602 3016; x_wconf 91' lang='lat' dir='ltr'>sumus,</span> <span class='ocrx_word' id='word_1_274' title='bbox 620 2945 798 3022; x_wconf 86' lang='lat' dir='ltr'>providenda</span> <span class='ocrx_word' id='word_1_275' title='bbox 817 2951 877 3002; x_wconf 89' lang='lat' dir='ltr'>est:</span> <span class='ocrx_word' id='word_1_276' title='bbox 902 2963 989 3021; x_wconf 89' lang='lat' dir='ltr'>quam</span> 
     </span>
     <span class='ocr_line' id='line_1_37' title="bbox 150 3023 989 3102; baseline -0.004 -19"><span class='ocrx_word' id='word_1_277' title='bbox 150 3025 204 3083; x_wconf 92' lang='lat' dir='ltr'>etsi</span> <span class='ocrx_word' id='word_1_278' title='bbox 225 3043 308 3102; x_wconf 87' lang='lat' dir='ltr'>spero</span> <span class='ocrx_word' id='word_1_279' title='bbox 328 3024 430 3082; x_wconf 83' lang='lat' dir='ltr'>falsam</span> <span class='ocrx_word' id='word_1_280' title='bbox 451 3043 519 3095; x_wconf 88' lang='lat' dir='ltr'>esse,</span> <span class='ocrx_word' id='word_1_281' title='bbox 534 3030 631 3085; x_wconf 89' lang='lat' dir='ltr'>tamen</span> <span class='ocrx_word' id='word_1_282' title='bbox 652 3043 810 3101; x_wconf 87' lang='lat' dir='ltr'>numquam</span> <span class='ocrx_word' id='word_1_283' title='bbox 828 3023 989 3081; x_wconf 85' lang='lat' dir='ltr'>extenuabo</span> 
     </span>
     <span class='ocr_line' id='line_1_38' title="bbox 150 3103 989 3175; baseline -0.002 -13"><span class='ocrx_word' id='word_1_284' title='bbox 150 3103 251 3162; x_wconf 90' lang='lat' dir='ltr'>verbis.</span> <span class='ocrx_word' id='word_1_285' title='bbox 293 3103 356 3161; x_wconf 79' lang='lat' dir='ltr'>Tua</span> <span class='ocrx_word' id='word_1_286' title='bbox 372 3105 449 3162; x_wconf 90' lang='lat' dir='ltr'>enim</span> <span class='ocrx_word' id='word_1_287' title='bbox 466 3104 561 3162; x_wconf 87' lang='lat' dir='ltr'>cautio</span> <span class='ocrx_word' id='word_1_288' title='bbox 578 3109 676 3162; x_wconf 89' lang='lat' dir='ltr'>nostra</span> <span class='ocrx_word' id='word_1_289' title='bbox 691 3105 787 3163; x_wconf 88' lang='lat' dir='ltr'>cautio</span> <span class='ocrx_word' id='word_1_290' title='bbox 804 3110 856 3175; x_wconf 87' lang='lat' dir='ltr'>est,</span> <span class='ocrx_word' id='word_1_291' title='bbox 868 3110 901 3161; x_wconf 93' lang='lat' dir='ltr'>ut</span> <span class='ocrx_word' id='word_1_292' title='bbox 917 3104 941 3160; x_wconf 90' lang='lat' dir='ltr'>si</span> <span class='ocrx_word' id='word_1_293' title='bbox 958 3104 989 3160; x_wconf 92' lang='lat' dir='ltr'>in</span> 
     </span>
     <span class='ocr_line' id='line_1_39' title="bbox 150 3182 990 3260; baseline -0.005 -18"><span class='ocrx_word' id='word_1_294' title='bbox 150 3183 287 3242; x_wconf 88' lang='lat' dir='ltr'>altemtro</span> <span class='ocrx_word' id='word_1_295' title='bbox 300 3183 477 3260; x_wconf 88' lang='lat' dir='ltr'>peccandum</span> <span class='ocrx_word' id='word_1_296' title='bbox 493 3183 540 3256; x_wconf 90' lang='lat' dir='ltr'>sit,</span> <span class='ocrx_word' id='word_1_297' title='bbox 552 3182 650 3240; x_wconf 83' lang='lat' dir='ltr'>malim</span> <span class='ocrx_word' id='word_1_298' title='bbox 664 3183 754 3241; x_wconf 89' lang='lat' dir='ltr'>videri</span> <span class='ocrx_word' id='word_1_299' title='bbox 770 3183 857 3241; x_wconf 90' lang='lat' dir='ltr'>nimis</span> <span class='ocrx_word' id='word_1_300' title='bbox 870 3183 990 3241; x_wconf 90' lang='lat' dir='ltr'>timidus</span> 
     </span>
    </p>
   </div>
   <div class='ocr_carea' id='block_1_5' title="bbox 0 0 1145 3418">
    <p class='ocr_par' dir='ltr' id='par_1_6' title="bbox 0 0 1145 3418">
     <span class='ocr_line' id='line_1_40' title="bbox 0 0 1145 3418; baseline 0 0"><span class='ocrx_word' id='word_1_301' title='bbox 0 0 1145 3418; x_wconf 95' lang='lat' dir='ltr'> </span> 
     </span>
    </p>
   </div>
  </div>
 </body>
</html>
