2262 3418
301 147 305 155 =
344 132 423 182 car.
439 133 661 196 xxm-xxiv,
678 131 795 194 §seca
841 145 844 152 ·
941 137 987 184 rer

150 235 248 308 anir'ni,
259 234 434 293 defensionis
448 236 645 294 constantiam.
681 235 729 293 An
741 255 807 294 vero
819 236 901 294 obliti
912 238 987 310 estis,

150 316 267 387 iudices,
277 315 384 372 recenti
397 315 447 372 illo
456 315 564 373 nuntio
578 316 655 373 necis
665 315 820 373 Clodianae
831 335 889 373 non
900 318 988 375 modo

150 395 333 454 inimicorum
350 394 467 452 Milonis
483 414 627 453 sermones
647 402 677 453 et
693 396 851 473 opiniones,
864 396 914 454 scd
929 415 988 454 non

149 475 294 533 nullorum
316 475 403 532 etiam
423 475 642 552 imperitorum?
682 474 834 552 Negabant
851 494 916 532 eum
933 475 990 534 Ro-

149 575 228 613 mam
253 574 313 613 esse
337 555 504 612 rediturum.
548 560 593 612 63.
613 553 678 612 Sive
699 555 776 612 enim
790 553 872 612 'illud
892 557 988 614 animo

150 635 223 692 irato
240 654 273 692 ac
289 635 398 713 percito
414 634 538 706 fecisset,
550 640 584 690 ut
600 634 735 699 incensus
750 634 818 692 odio
835 634 989 694 trucidaret

150 715 307 787 inimicum,
320 714 530 772 arbitrabantur
543 732 608 772 eum
622 714 696 772 tanti
712 720 835 772 mortem
849 714 882 772 P.
893 714 988 773 Clodii

149 801 273 872 putasse,
285 802 319 852 ut
329 814 420 872 aequo
434 795 531 851 animo
542 793 635 870 patria
647 800 762 866 careret,
774 813 839 852 cnm
849 795 988 872 sanguine

149 875 260 932 inimici
271 874 410 952 explesset
419 874 518 932 odium
529 891 627 931 suum:
645 873 704 930 sive
711 874 801 931 ,etiam
810 873 885 930 illius
895 881 988 933 morte

149 955 271 1032 patriam
290 954 409 1012 liberare
426 954 569 1025 voluisset,
584 973 644 1011 non
664 953 749 1011 dubit
736 958 862 1011 taturum
881 954 988 1011 fortem

150 1035 242 1091 virum
264 1035 341 1112 quin,
357 1053 423 1091 cum
444 1054 496 1092 suo
516 998 643 1111 periculo
664 1034 737 1090 salut
725 1040 784 1092 tem
804 1032 913 1110 populo
932 1032 989 1092 Ro

60 1151 63 1156 ι
149 1133 235 1172 mano
250 1115 402 1186 attulisset,
414 1114 526 1172 cederet
540 1133 630 1192 aequo
647 1113 744 1170 animo
760 1112 879 1190 legibus,
892 1132 987 1172 secum

150 1194 274 1252 auferret
294 1159 416 1272 gloriam
440 1194 651 1270 sempiternam,
667 1193 749 1250 vobis
772 1191 842 1250 haec
866 1192 988 1251 fruenda

149 1273 329 1351 relinqueret,
342 1293 413 1351 quae
429 1274 491 1351 ipse
512 1279 656 1331 servasset.
698 1271 784 1329 Multi
760 1271 891 1330 tetiam
911 1271 988 1330 (lati-

149 1352 238 1410 linam
265 1361 351 1430 atque
374 1352 423 1410 illa
446 1359 580 1430 portenta
602 1351 807 1430 loquebantur:
838 1351 986 1429 Erumpet,
1047 1347 1050 1354 ’

149 1432 302 1510 occupabit
312 1433 436 1510 aliquem
450 1433 554 1503 locum,
565 1432 672 1490 bellum
686 1432 794 1509 patriae
804 1431 899 1488 faciet.
934 1430 988 1489 Mi-

149 1531 226 1570 seros
242 1513 386 1570 interdum
403 1513 479 1570 cives
495 1513 605 1590 optimc
625 1513 661 1570 de
679 1531 709 1570 re
727 1511 842 1590 publica
858 1511 985 1584 meritos,
1037 1531 1040 1534 ·

148 1593 179 1650 in
204 1592 308 1670 quibus
331 1593 464 1650 homines
488 1611 546 1649 non
571 1591 659 1650 modo
683 1611 728 1650 res
750 1591 987 1669 praeclarissimas

149 1672 365 1744 obliviscuntur,
381 1673 431 1729 sed
448 1672 535 1729 etiam
555 1671 678 1730 nefarias
699 1672 896 1749 suspicantur!
939 1677 989 1729 64.-

148 1751 227 1828 Ergo
241 1752 290 1810 illa
291 1745 373 1809 falsa
382 1752 499 1809 fuerunt
500 1771 590 1829 ,quae
604 1759 680 1810 certe
690 1771 756 1810 vera
770 1751 952 1823 exstitissent,
962 1751 989 1810 si

149 1831 220 1889 Milo
234 1831 395 1890 admisisset
409 1796 518 1909 aliquid
532 1832 610 1908 quod
626 1851 685 1889 non
699 1838 796 1909 posset
809 1831 912 1890 honest
900 1839 929 1889 tc
943 1851 988 1890 vc·

148 1930 235 1988 reque
249 1910 419 1968 defendere

188 1989 302 2049 XXIV.
318 1989 414 2059 Qnidl
435 2009 506 2067 quae
520 1996 621 2068 postea
637 1996 703 2048 sunt
718 1991 748 2048 in
763 2010 828 2048 eum
843 1999 986 2068 congesta,

149 2089 222 2147 qnae
246 2070 376 2148 quemvis
404 2071 490 2128 etiam
514 2070 703 2128 mediocrium
727 2069 898 2128 delictorum
922 2091 988 2128 con-

149 2151 268 2208 scientia
278 2149 472 2227 perculissent,
482 2156 515 2207 ut
526 2150 669 2222 sustinuit,
679 2150 710 2207 di
720 2149 910 2208 immortales!
930 2170 988 2207 sus-

148 2230 255 2288 tinuitl
275 2231 365 2287 immo
379 2247 446 2291 vero
460 2236 493 2289 ut
506 2231 679 2307 contempsit
693 2249 725 2288 ac
738 2227 896 2306 pronihilo
907 2236 988 2307 puta·

148 2310 191 2367 vit
192 2329 279 2387 ,quae
289 2329 383 2388 neque
393 2309 519 2367 maxiruo
530 2310 626 2367 animo
635 2329 741 2367 nocens
749 2317 842 2387 neque
850 2309 987 2368 innocens

148 2389 205 2446 nisi
221 2389 435 2447 fortissimus
409 2409 452 2447 ιιι
467 2389 611 2467 negligere
625 2389 782 2466 potuisset!
824 2388 986 2462 Scotorum,

148 2469 318 2546 gladiorum,
330 2469 566 2527 ferramentorum
584 2469 765 2547 pilorumque
785 2469 872 2526 etiam
893 2469 988 2526 multi-

148 2549 222 2606 tudo
239 2548 414 2626 deprehendi
431 2568 515 2641 posse
531 2548 726 2608 indicabatur:
748 2548 880 2606 nullum
873 2568 903 2606 ιιι
917 2535 988 2607 u'rbe

149 2628 253 2700 vicum,
264 2628 375 2686 nullum
392 2629 577 2706 angiportum
594 2648 654 2687 esse
671 2629 825 2687 dicebant
792 2636 848 2686 tm
864 2648 921 2706 quo
935 2629 988 2686 Mi·
1068 2637 1071 2644 “

148 2707 209 2765 loni
223 2708 366 2766 conducta
381 2727 440 2765 non
457 2714 531 2766 esset
544 2709 665 2766 domus:
687 2727 766 2766 arma
778 2709 809 2766 in
823 2708 919 2766 villam
934 2708 988 2767 Oc·

148 2787 304 2845 riculanam
318 2788 436 2846 devecta
449 2787 554 2860 Tiberi,
567 2786 670 2846 domus
686 2789 716 2845 in
733 2788 807 2846 clivo
821 2787 986 2866 Capitolino

149 2868 237 2925 scutis
251 2868 364 2940 referta,
375 2867 461 2944 plena
476 2868 575 2925 omnia
589 2867 786 2925 malleolorum
800 2867 838 2924 ad
851 2867 930 2925 urbis
946 2868 988 2924 in-

148 2947 250 3005 cendia
270 2954 508 3025 comparatorum,
525 2946 595 3005 hacc
619 2966 678 3004 non
699 2947 794 3005 delata
817 2946 919 3019 solum,
937 2947 987 3004 sed

148 3046 238 3103 paene
253 3027 361 3085 credita
370 3046 422 3084 nec
433 3033 500 3084 ante
509 3027 659 3104 repudiata
673 3033 739 3084 sunt
750 3045 835 3104 quam
850 3027 985 3103 quaesita

150 3112 196 3164 65.
208 3106 373 3165 laudabam
388 3106 521 3183 equidem
535 3106 732 3164 incredibilem
742 3106 921 3182 diligentiam
932 3105 985 3164 Cn.

148 3186 292 3264 Pompeii,
302 3187 352 3245 sed
366 3186 468 3260 dicam,
479 3194 511 3244 ut
525 3186 626 3259 sentio,
638 3186 752 3246 iudices.
788 3185 883 3245 Nimis
896 3185 988 3248 multa
