2240 3418
80 123 83 132 '
137 129 188 176 '228
220 127 260 175 IN
276 125 313 174 M.
328 123 523 174 ANTONIUM
540 122 675 173 ORATIO
691 122 903 173 PHILIPPICA
918 123 941 174 1.
974 155 983 184 ,ς

137 229 205 286 dem
222 227 326 284 iratum
344 232 373 284 et
390 231 540 294 armatum,
555 243 622 282 cum
639 231 721 282 tanta
736 225 903 302 praesertim
919 225 978 303 gla-

135 308 251 365 diorum
266 306 303 363 sit
317 305 481 382 impunitas.
517 303 576 363 Sed
585 323 744 382 proponam
758 305 811 376 ius,
821 311 854 364 ut
863 305 976 383 opinor,

137 403 277 464 aequum:
300 384 378 462 quod
395 384 433 442 M.
443 382 606 441 Antonium
627 403 686 441 non
707 383 829 441 arbitror
848 385 978 466 repudia-

67 498 72 506 ·
136 473 242 524 turum.
277 464 349 542 Ego,
362 464 386 521 si
400 462 511 541 quidin
521 463 611 521 vitam
625 463 686 521 eins
699 464 790 520 autin
803 483 898 521 mores
910 483 977 528 cum

136 544 311 604 contumelia
324 545 431 615 dixero,
444 543 611 620 quominus
624 543 697 600 mihi
711 543 926 601 inimicissimus
939 545 978 602 sit

135 644 195 683 non
216 623 368 682 recusabo:
390 623 433 680 sin
454 622 691 681 consuetudinem
711 641 805 682 meam
825 617 925 700 [quam
945 625 977 682 in

135 723 165 763 re
188 703 303 783 publica
326 723 439 781 semper
457 700 568 780 habui],
584 710 710 774 tenuero,
726 702 757 760 id
778 703 869 775 est,si
889 703 977 762 libere

136 803 208 862 quae
223 784 344 841 sentiam
358 783 394 841 de
407 801 438 840 re
451 781 566 860 publica
580 782 687 853 dixero,
699 782 825 860 primum
840 781 978 860 deprecor

134 883 171 921 ne
186 863 337 921 irascatur:
359 863 471 934 deinde,
482 863 505 920 si
519 862 575 920 hoc
588 880 647 920 non
661 862 793 938 impetro,
805 868 874 939 peto
888 868 922 919 ut
935 863 977 920 sic
1042 863 1053 886 ⁸

136 942 281 1014 irascatur,
293 949 327 1000 ut
344 942 409 1000 civi.
445 941 544 999 Armis
565 947 670 1012 utatur,
686 941 710 998 si
726 940 768 999 ita
787 960 901 999 necesse
922 949 975 1013 est,

135 1027 168 1080 ut
183 1021 261 1092 dicit,
274 1021 318 1079 sui
329 1021 504 1079 defendendi
518 1039 616 1079 causa:
633 1021 677 1092 iis,
686 1021 736 1098 qui
750 1040 802 1098 pro
817 1020 977 1098 republica

136 1119 208 1179 quae
222 1101 293 1179 ipsis
306 1102 366 1158 visa
382 1108 466 1159 erunt
482 1101 616 1171 dixerint,
628 1100 684 1158 ista
697 1119 775 1158 arma
790 1119 827 1158 ne
843 1109 975 1160 noceant·

135 1180 213 1250 Quid
223 1180 276 1238 hac
287 1180 480 1258 postulatione
490 1180 548 1237 dici
558 1186 655 1258 potest
665 1179 801 1256 aequius?
832 1185 879 1237 28.
889 1179 976 1248 Quod

135 1261 168 1332 ai,
179 1268 213 1318 ut
222 1260 295 1317 mihi
309 1279 326 1318 a
340 1259 510 1338 quibusdam
524 1259 585 1317 eius
595 1258 784 1322 familiaribus
797 1259 907 1316 dictum
922 1268 974 1332 est,

135 1340 230 1398 omnis
253 1358 328 1409 eum,
343 1358 416 1416 quae
439 1338 561 1397 habetur
584 1344 683 1396 contra
702 1338 880 1396 voluntatem
904 1338 974 1410 eius,

135 1419 227 1477 oratio
243 1419 368 1496 graviter
388 1419 518 1489 offendit,
534 1418 622 1476 etiam
642 1417 667 1475 si
686 1417 765 1475 nulla
784 1418 861 1476 inest
876 1425 976 1476 contu·

134 1498 227 1570 melia,
242 1499 369 1557 feremus
388 1498 473 1555 amici
495 1503 635 1556 naturam.
678 1496 736 1568 Sed
759 1497 847 1555 iidem
869 1496 911 1554 illi
924 1497 976 1556 ita

134 1597 247 1636 mecum
264 1577 436 1656 loquuntur:
458 1577 525 1635 Non
540 1577 617 1635 idem
631 1575 686 1634 tibi
700 1577 861 1635 adversario
875 1576 976 1635 Caesa·

133 1657 173 1714 ris
194 1657 293 1715 licebit
314 1658 392 1734 quod
414 1656 515 1715 Pisoni
537 1675 643 1727 socero,
659 1662 688 1714 et
711 1656 795 1714 simul
817 1655 975 1717 admonent

134 1736 280 1814 quiddam,
293 1736 371 1814 quod
392 1736 562 1807 cavebimus,
577 1755 630 1794 nec
650 1736 704 1794 erit
723 1736 827 1794 iustior
845 1736 876 1794 in
896 1755 976 1794 sena·

133 1824 196 1875 tum
213 1834 273 1874 non
289 1815 423 1874 veniendi
438 1815 532 1874 morbi
549 1834 633 1874 causa
649 1835 735 1894 quam
751 1816 860 1874 mortis.
902 1815 973 1881 ΧΠ

134 1902 180 1954 29.
193 1895 251 1954 Sed
285 1895 398 1954 erdeos
414 1895 606 1954 immortalesl
636 1895 677 1954 Te
691 1896 768 1954 enim
782 1896 905 1969 intuens,
915 1896 976 1956 Do·

102 2023 114 2058 ὸ
133 1976 234 2035 labella
255 1915 319 2054 [lini
338 1995 369 2034 es
392 1975 466 2034 mihi
486 1974 669 2054 carissimus}
684 1995 744 2034 non
764 1995 882 2054 possum
906 1978 976 2035 utri·

133 2075 222 2133 usque
243 2064 369 2115 vestrum
390 2074 513 2114 errorem
533 2056 658 2114 reticere
700 2055 794 2115 Credo
815 2056 892 2114 enim
912 2075 973 2130 vos,

131 2135 243 2194 nobiles
266 2136 407 2207 homines,
424 2154 530 2213 magna
557 2135 697 2213 quaedam
725 2142 893 2213 spectantes,
914 2155 974 2194 non

131 2216 292 2294 pecuniam,
303 2222 337 2273 ut
351 2215 468 2294 quidam
482 2215 568 2276 nimis
582 2215 689 2274 creduli
703 2216 890 2293 suspicantur,
901 2235 975 2294 quae

133 2314 246 2373 semper
270 2294 306 2352 ab
330 2295 508 2373 amplissimo
533 2314 647 2373 quoque
671 2294 884 2372 clarissimoque
908 2314 975 2353 con·

132 2379 244 2452 tempta
263 2381 315 2445 est,
330 2393 390 2432 non
415 2394 484 2452 opes
507 2375 646 2432 violentas
666 2381 696 2432 et
715 2374 824 2452 populo
840 2374 974 2434 Romano

131 2454 252 2511 minime
265 2453 413 2512 ferendam
425 2454 593 2531 potentiam,
604 2454 655 2512 sed
664 2455 810 2512 caritatem
825 2454 930 2512 civium
944 2462 975 2513 et

132 2532 254 2609 gloriam
275 2533 480 2611 concupivisse.
518 2533 571 2590 Est
589 2540 685 2592 autem
705 2533 797 2610 gloria
816 2533 877 2592 laus
897 2541 973 2592 reete

20 2681 24 2688 Ι
131 2611 276 2669 factorum
286 2631 514 2690 magnorumque
524 2613 554 2670 in
565 2631 624 2671 rem
636 2612 781 2690 publicam
793 2613 972 2685 meritorum,

128 2709 206 2766 quae
223 2709 289 2749 cum
310 2692 415 2768 optimi
435 2693 572 2770 cuiusque
588 2698 651 2749 tum
672 2693 758 2750 etiam
779 2692 974 2750 multitudinis

132 2769 300 2828 testimonio
309 2770 519 2848 comprobatur.
552 2777 599 2828 30.
607 2771 748 2842 Dicerem,
757 2770 914 2843 Dolabella,
923 2773 973 2851 qui
1027 2843 1028 2847 Ἰ

132 2853 209 2904 reete
228 2849 373 2906 factorum
394 2850 505 2907 fructus
525 2855 607 2920 esset,
618 2850 675 2907 nisi
690 2857 719 2908 te
736 2857 848 2927 praeter
863 2860 973 2909 ceteros

129 2924 288 3003 paullisper
298 2923 364 2985 'esse
380 2935 530 3005 expertum
546 2927 680 2986 viderem.
723 2929 814 2996 Quem
832 2937 915 3006 potes
931 2950 973 2988 re-

133 3002 244 3060 cordari
254 3005 285 3061 in
295 3006 356 3064 vita
365 3006 490 3064 illuxisse
500 3005 554 3064 tibi
565 3005 641 3064 diem
650 3006 796 3064 laetiorem
808 3027 894 3084 quam
906 3029 972 3066 cum

133 3081 248 3158 expiato
265 3084 340 3156 foro,
351 3084 490 3162 dissipato
506 3103 645 3142 concursu
661 3085 825 3162 impiorum,
837 3088 973 3165 principi-

123 3158 187 3216 ·bus
206 3159 318 3218 sceleris
334 3182 428 3239 poena
443 3162 565 3222 adfectis
582 3157 664 3238 [urbe
680 3164 814 3225 incendio
830 3173 860 3224 et
876 3168 972 3231 caedis
