2240 3418
122 115 171 164 288
197 115 238 164 IN
254 114 291 165 Μ
306 112 500 166 ANTONIUM
516 116 651 170 ORATIO
667 117 879 170 PHILIPPICA
895 117 932 170 11.

121 220 185 272 tum
196 214 275 292 quod
288 221 317 272 ιι
331 217 478 273 ιοιιιιιΙιιιι
492 235 552 274 non
562 217 643 275 vidit.
680 217 805 276 Maxime
816 238 883 277 vero
897 239 964 277 con-

122 293 246 352 sulatum
266 313 364 352 meum
380 294 433 352 On.
444 295 602 374 Pompeius
621 296 770 373 probavit:
792 298 843 375 qui
863 305 896 356 ut
915 319 964 358 me

121 374 248 452 primum
264 374 405 433 decedens
426 394 461 433 ex
478 375 562 453 Syria
576 377 659 448 vidit,
671 378 839 455 complexus
857 386 886 436 et
902 398 964 456 gra

121 453 217 510 tulans
232 472 298 511 meo
315 453 455 512 beneficio
471 456 595 532 patriam
611 475 641 514 se
658 457 786 514 visurum
802 477 863 516 esse
880 458 962 516 dixit

122 532 180 591 Sed
191 532 261 611 quid
275 534 404 612 singulos
417 537 631 595 commemorol
665 535 909 614 Frequentissimo
923 557 965 595 se-

121 613 202 671 natui
227 614 267 671 sic
291 614 408 692 placuit,
422 622 456 673 ut
476 622 551 673 esset
570 634 657 673 nemo
681 616 731 693 qui
753 617 827 674 mihi
850 636 910 675 non
930 625 965 676 ιιι

121 693 234 771 parenti
248 694 354 771 gratias
368 701 472 772 ageret,
483 695 533 772 qui
546 695 619 752 mihi
632 714 692 753 non
702 695 792 753 vitam
807 715 896 769 suam,
906 698 965 755 for-

121 779 214 844 tunas,
226 772 339 845 liberos,
351 793 412 832 rem
425 774 570 852 publicam
584 775 703 833 referret
715 782 871 853 acceptam.

162 852 215 911 VL
248 859 294 911 13.
310 853 368 912 Sed
384 854 521 932 quoniam
538 855 603 926 illis,
615 873 689 932 quos
704 855 860 927 nominavi,
871 862 918 914 tot
933 863 966 914 et

121 932 227 990 talibus
237 933 305 991 viris
315 953 360 992 res
370 934 486 1011 publica
496 934 596 993 orbata
606 942 658 1006 est,
666 936 814 992 veniamus
827 935 865 993 ad
873 936 963 1008 vivos,

122 1013 173 1089 qui
193 1013 253 1071 duo
274 1012 311 1072 de
334 1013 526 1072 consularium
549 1031 669 1072 numero
690 1014 793 1092 reliqui
813 1022 888 1074 sunt
929 1015 963 1074 L

122 1090 218 1163 Cotta,
229 1093 274 1150 vir
293 1111 407 1151 summo
427 1093 552 1171 ingenio,
564 1111 735 1171 summaque
750 1095 912 1171 prudentia,
923 1115 966 1153 re·

4 1197 5 1242 j
121 1170 176 1229 bus
196 1172 233 1229 iis
255 1173 353 1249 gestis,
369 1192 439 1251 ques
458 1179 492 1231 tu
515 1173 709 1251 reprehendis,
724 1173 965 1251 supplicationem

4 1267 5 1286 ³
31 1289 35 1296 -
122 1250 248 1310 decrevit
257 1251 351 1310 verbis
364 1253 555 1330 amplissimis,
565 1253 649 1331 eique
662 1251 705 1310 illi
715 1253 779 1330 ipsi,
792 1273 864 1331 qnos
874 1254 965 1312 modo

4 1339 5 1362 ³
122 1331 277 1403 nominavi,
293 1333 455 1391 consulares
482 1339 653 1410 senatusque
680 1339 801 1390 cunctus
827 1333 965 1392 adsensus

122 1416 180 1468 est:
202 1412 253 1489 qui
268 1411 361 1470 honos
377 1419 445 1490 post
464 1412 611 1470 conditam
631 1410 705 1469 hane
725 1411 828 1470 urbem
848 1412 965 1471 habitus

2 1479 4 1569 l
121 1497 166 1548 ιιι
175 1497 276 1569 togato
290 1498 358 1549 ante
369 1511 417 1550 me
430 1492 547 1550 nemini.
585 1496 630 1549 14.
643 1491 674 1550 L.
682 1491 794 1564 Caesar,
806 1493 965 1550 avunculus

3 1573 4 1616 ἶ
121 1576 197 1642 tuus,
210 1589 267 1649 qua
280 1572 418 1642 oratione,
429 1591 486 1650 qua
499 1571 737 1648 constantiaque
749 1573 889 1649 gravitate
903 1592 965 1630 sen-

122 1651 242 1709 tentiam
261 1651 335 1709 dixit
351 1651 382 1708 in
398 1651 503 1709 sororis
519 1669 586 1710 suae
599 1651 701 1724 virum,
711 1651 845 1710 vitricum
859 1653 962 1711 tuuml

123 1730 211 1788 Hunc
232 1737 266 1789 tu
288 1750 355 1788 cum
376 1738 523 1789 auctorem
542 1737 573 1789 et
596 1738 811 1810 praeceptorem
832 1733 964 1790 omnium

122 1811 309 1868 consiliorum
328 1810 475 1888 totiusque
491 1811 567 1869 vitae
583 1810 728 1869 debuisses
744 1810 857 1883 habere,
868 1812 964 1870 vitrici

122 1896 152 1948 te
166 1891 288 1948 similem
303 1903 390 1969 quam
401 1891 533 1948 avunculi
546 1890 680 1948 maluisti.
719 1890 815 1950 Huius
829 1911 884 1969 ego
898 1891 965 1950 alic·

122 1989 177 2028 nus
186 1970 312 2028 consiliis
322 1969 422 2028 consul
431 1990 500 2028 usus
508 1988 587 2028 sum:
603 1976 645 2042 tu,
653 1971 758 2028 sororis
768 1970 851 2043 filius,
859 1972 964 2050 ecquid

122 2050 246 2114 adeum
266 2069 405 2130 umquam
425 2050 462 2108 de
483 2069 514 2108 re
534 2049 650 2127 publiea
668 2050 823 2108 rettulistil
862 2051 905 2108 At
925 2052 964 2110 ad

123 2149 196 2208 quos
211 2131 318 2189 referti
338 2130 369 2189 di
382 2129 574 2189 immortales!
595 2129 632 2187 ad
646 2148 695 2188 eos
711 2130 827 2202 scilicet,
840 2149 963 2207 quorum

122 2211 207 2269 nobis
223 2211 310 2269 etiam
326 2211 389 2269 dies
397 2209 513 2268 natales
532 2208 668 2267 audiendi
684 2215 759 2268 sunt.
803 2215 848 2267 15.
863 2209 963 2270 Hodie

122 2309 182 2348 non
199 2290 347 2348 descendit
363 2289 518 2348 Antonius
559 2289 637 2346 Curi
676 2288 737 2347 Dat
752 2287 914 2347 nataliciam
930 2290 963 2348 in

123 2368 221 2428 hortis.
263 2370 338 2428 Cuil
381 2369 536 2428 Neminem
563 2367 727 2438 nominabo.
769 2367 874 2426 Putate
897 2375 963 2427 tum

123 2448 294 2507 Phormioni
307 2450 400 2522 alicui,
409 2457 472 2508 tum
486 2448 643 2520 Gnathoni,
653 2455 716 2507 tum
729 2448 816 2506 etiam
826 2447 961 2507 Ballioni.

122 2528 150 2587 Ο
163 2529 333 2588 foeditatem
349 2529 476 2587 hominis
491 2528 681 2606 flagitiosam!
702 2525 729 2588 Ο
742 2527 962 2605 impudentiam,

123 2609 289 2687 nequitiam,
301 2609 451 2667 libidinem
467 2628 526 2667 non
540 2608 705 2667 ferendam!
744 2606 790 2666 Tu
806 2626 872 2666 oum
886 2608 963 2684 prin-

123 2689 217 2766 cipem
228 2696 398 2760 senatorem,
409 2689 500 2748 civem
512 2688 685 2766 singularem
696 2694 755 2746 tam
766 2687 963 2765 propinquum

122 2767 236 2840 habeas,
248 2768 285 2826 ad
305 2787 371 2825 eum
392 2767 428 2826 de
448 2788 478 2826 re
494 2768 609 2846 publiea
624 2766 697 2825 nihil
713 2768 835 2826 referas:
856 2767 963 2825 referas

123 2847 161 2904 ad
181 2867 237 2919 eos,
251 2848 301 2923 qui
322 2866 402 2904 suam
423 2866 483 2904 rem
502 2846 609 2904 nullam
630 2844 746 2918 habent,
761 2853 841 2905 tuam
860 2845 963 2904 exhau-

125 2926 219 2984 riuutl
259 2926 338 2983 Tuus
358 2925 490 2983 videlicet
510 2925 640 2982 saluteris
660 2925 832 2998 consulatus,
843 2925 963 3002 pernici-

124 3023 191 3062 osus
212 3023 300 3064 meus.
343 3003 410 3062 VII.
430 3003 551 3062 Adeone
572 3004 713 3080 pudorem
735 3023 802 3062 cum
822 3005 963 3082 pudicitia

124 3083 282 3158 perdidisti,
294 3089 328 3142 nt
347 3081 403 3140 hoo
422 3083 454 3139 in
475 3101 508 3140 eo
529 3083 638 3159 templo
658 3083 753 3141 dicere
772 3101 858 3152 ausus
874 3085 920 3156 sis,
932 3085 963 3142 in

126 3179 183 3236 quo
203 3179 258 3238 ego
282 3168 412 3220 senatum
432 3161 523 3232 illrun,
538 3161 587 3238 qui
608 3161 754 3238 quondam
774 3162 879 3222 florens
899 3163 963 3222 orbi
