2270 3422
371 119 451 170 CAP.
463 117 603 178 XXXIX,
616 116 685 178 XL,
701 115 716 177 ξ
730 118 821 168 83-88.
970 121 1016 168 115

176 223 242 281 loco
262 220 372 278 ferrum
392 219 594 295 flammamque
614 223 783 290 metuemus,
795 236 868 296 quae
888 217 946 276 iam
967 219 1016 278 diu

176 306 395 378 comparantur:
417 299 516 356 eadem
530 299 587 355 ista
600 297 704 368 omnia,
716 298 741 354 si
755 305 855 356 ornata
868 298 927 355 suis
940 317 1016 376 prae·

177 380 259 438 sidiis
280 379 334 436 erit
353 398 398 436 res
417 377 540 456 publica,
555 376 641 434 facile
661 383 691 434 et
710 377 932 454 magistratuum
952 398 1016 436 con·

177 459 249 517 siliis
266 465 295 516 et
311 458 488 536 privatorum
502 456 653 533 diligentia
668 457 902 534 comprimentur.

159 567 166 580 ·
217 537 280 596 XL
324 543 369 595 86.
388 536 468 605 Quae
484 555 550 594 cum
570 535 612 593 ita
627 535 693 606 sint,
705 535 822 608 indices,
833 536 959 612 primum
975 537 1016 594 rei

176 616 309 696 publicae
328 635 419 687 causa,
435 635 492 692 qua
509 615 588 673 nulla
605 633 650 672 res
668 615 802 692 cuiquam
819 616 916 692 potior
931 616 1017 674 debet

177 715 246 768 esse,
256 715 308 754 vos
321 715 375 772 pro
388 714 453 753 mea
466 713 579 752 summa
592 701 621 751 et
634 693 716 751 vobis
730 695 846 772 cognita
859 695 889 752 in
903 715 933 752 re
946 695 1017 772 pub-

175 777 232 834 lica
248 775 406 852 diligentia
417 792 531 845 moneo,
542 792 597 850 pro
613 774 782 832 auctoritate
799 773 939 832 consulari
953 775 1017 831 hor·

175 863 231 927 tor,
248 873 302 932 pro
325 853 524 930 magnitudine
544 853 663 929 periculi
686 853 821 925 obtestor,
839 860 873 911 ιιι
896 854 966 925 otio,
983 859 1017 911 ut

175 935 249 1012 paci,
265 941 298 991 ut
316 933 409 1004 saluti,
421 939 455 989 nt
472 932 548 990 vitae
563 939 672 990 vestrae
689 939 719 990 et
734 940 892 992 cetercnrm
909 933 1015 990 civium

177 1012 348 1072 consulatis:
370 1011 474 1069 deinde
492 1030 547 1088 ego
564 1011 641 1069 idem
658 1031 709 1070 vos
725 1013 884 1070 defensoris
903 1019 932 1070 et
948 1012 1017 1069 ami-

176 1093 204 1150 ci
221 1091 315 1150 officio
333 1091 473 1149 adductus
490 1109 541 1148 ore
558 1097 643 1167 atque
661 1091 787 1162 obsecro,
802 1092 919 1162 iudices,
930 1098 964 1148 ut
979 1110 1016 1148 ne

176 1171 304 1229 hominis
322 1170 420 1228 miseri
440 1177 554 1228 etcum
575 1170 702 1247 corporis
721 1169 823 1227 morbo
843 1177 906 1228 tum
927 1169 1016 1227 animi

177 1250 276 1309 dolore
293 1250 427 1322 confecti,
439 1248 470 1307 L
482 1249 779 1321 Murenae-recentem
795 1249 1016 1326 gratulationem

177 1348 253 1388 nova
272 1329 476 1387 lamentatione
496 1328 630 1387 obruatis.
673 1327 762 1386 Modo
785 1327 912 1385 maximo
932 1326 1017 1384 bene-

176 1408 243 1467 ficio
267 1408 369 1487 populi
389 1408 513 1466 Romani
537 1415 654 1466 omatus
673 1408 837 1465 fortunatus
857 1406 1014 1477 videbatur,

178 1488 257 1565 quod
273 1489 383 1566 primus
399 1489 429 1546 in
446 1487 585 1545 familiam
602 1493 735 1558 veterem,
750 1486 859 1563 primus
877 1486 908 1544 in
923 1486 1017 1543 muni·

177 1567 286 1644 cipium
307 1567 538 1645 antiquissimum
559 1565 738 1624 consulatum
759 1566 916 1624 attulisset:
940 1583 1016 1623 nunc

177 1647 256 1704 idem
267 1647 397 1725 squalore
407 1653 437 1704 et
450 1645 582 1704 sordibus
592 1646 748 1716 confectus,
758 1645 882 1702 lacrimis
896 1664 928 1702 ac
941 1664 1018 1702 mae·

177 1745 242 1784 rore
265 1725 402 1804 perditae,
424 1733 516 1784 vester
539 1732 582 1783 est
606 1723 733 1802 supplex,
755 1724 872 1796 iudices,
893 1731 1016 1782 vestram

178 1805 265 1864 fidem
290 1805 456 1876 obtestatur,
478 1812 599 1862 cestram
622 1804 847 1862 misericordiam
870 1803 1015 1882 implorat,

178 1892 301 1942 vestram
321 1891 494 1962 potestatem
515 1903 547 1941 ac
568 1891 674 1941 vestras
695 1903 765 1961 opes
784 1883 919 1941 intuetur.
969 1883 1014 1940 87.

178 1964 285 2036 Nolite,
300 1983 352 2042 per
368 1963 438 2021 deos
455 1962 646 2021 immortales!
667 1963 783 2034 iudices,
795 1962 849 2020 hac
867 1981 933 2020 eum
952 1981 1017 2018 cam

73 2091 77 2098 .
178 2063 217 2116 re,
233 2063 290 2121 qua
313 2062 342 2100 se
362 2043 556 2100 honestiorem
576 2042 639 2098 fore
663 2042 783 2119 putavit,
804 2042 892 2099 etiarn
916 2041 1017 2098 ceteris

179 2130 246 2181 aute
259 2123 349 2200 partis
362 2121 560 2180 honestatibus
576 2128 662 2198 atquc
678 2121 758 2178 omui
772 2120 913 2197 dignitate
926 2119 1017 2176 fortu-

179 2221 272 2279 naque
285 2203 404 2279 privare.
445 2201 544 2278 Atque
558 2201 600 2258 ita
612 2220 664 2258 vos
678 2200 702 2257 si
716 2199 746 2257 Ia
759 2199 887 2269 Murena,
898 2198 1015 2269 iudices,
1054 2249 1056 2254 ,

179 2288 243 2338 orat
256 2288 341 2358 atque
354 2280 492 2352 obsecrat,
504 2281 528 2337 si
541 2280 646 2337 iniuste
659 2279 805 2336 neminem
818 2276 908 2348 laesit,
919 2277 944 2333 si
957 2277 1018 2334 nul-

178 2360 234 2418 lius
250 2379 331 2418 aures
346 2359 559 2418 voluntatemve
575 2357 700 2428 violavit,
716 2357 741 2415 si
756 2356 874 2429 nemini,
889 2362 923 2413 ut
938 2355 1018 2414 levis·

180 2439 251 2498 sime
262 2439 363 2511 dicam,
374 2439 442 2497 odio
455 2458 508 2497 nec
522 2438 603 2496 domi
616 2456 670 2494 nec
682 2436 802 2494 militiae
812 2436 879 2508 fuit,
889 2435 927 2494 sit
940 2435 1018 2512 apud

179 2538 231 2576 vos
254 2518 412 2578 modestiae
431 2518 520 2590 locus,
538 2518 576 2576 sit
596 2516 727 2575 demissis
747 2515 903 2574 luminibus
923 2516 1019 2593 perfu-

179 2598 269 2676 gium,
281 2598 319 2656 sit
335 2598 473 2656 auxilium
488 2596 601 2674 pudori
643 2595 867 2654 Misericordiam
884 2594 1017 2672 spoliatio
1094 2649 1096 2653 .

179 2677 343 2736 consulatus
356 2696 490 2754 magnam
502 2676 605 2734 habere
619 2675 713 2747 debet,
724 2675 849 2734 iudices:
870 2693 928 2732 una
941 2675 1017 2732 enim

180 2757 340 2834 eripiuntur
353 2775 419 2814 cnm
433 2755 582 2814 consulatu
595 2754 700 2812 omnia.
736 2753 879 2812 Invidiam
892 2772 959 2810 vero
973 2751 1019 2809 his

179 2836 358 2914 temporibus
377 2835 482 2892 habere
506 2833 668 2892 consulatus
692 2833 753 2910 ipse
776 2833 884 2890 nullam
905 2836 1017 2906 potest:

180 2915 315 2974 obiicitur
328 2915 406 2973 enim
419 2913 593 2972 coitionibus
606 2912 815 2982 seditiosorum,
827 2908 940 2968 insidiis
954 2926 1020 2967 con·

179 2996 347 3066 iuratorum,
361 2993 426 3052 telis
447 2992 603 3051 Catilinae:
631 2991 668 3048 ad
692 3009 777 3048 omne
799 2988 924 3066 denique
947 2988 1020 3066 peri·

180 3075 277 3133 culum
297 3081 383 3151 atque
404 3073 441 3130 ad
461 3090 576 3130 omnem
597 3070 735 3128 invidiam
756 3068 833 3130 solus
853 3069 1017 3144 opponitur.

182 3159 228 3211 88.
251 3153 361 3222 Quare
378 3152 448 3230 quid
464 3149 651 3208 invidendum
668 3148 804 3205 Murenae
820 3152 870 3202 aut
886 3144 1019 3220 cuiquam
