2240 3418
129 109 179 155 206
279 103 349 155 PRO
366 104 462 155 REGE
478 104 663 155 DEIOTARO
680 63 822 155 ORATfo.

130 205 294 263 auctoritati
310 224 359 262 rex
373 203 527 262 Deiotarus
544 205 636 277 cessit,
649 225 734 283 quem
748 225 802 263 uos
815 225 914 263 omnes
930 225 969 264 se

130 285 190 343 cuti
207 304 305 342 sumus
322 302 329 342 :
351 285 388 342 ad
402 304 487 362 quem
502 305 567 342 cum
582 284 612 342 di
625 292 711 362 atque
725 285 857 342 homines
873 287 972 343 omnia

131 370 299 422 omameuta
325 365 542 441 congessissent,
562 371 625 422 tum
648 372 682 422 tu
705 365 767 442 ipse
790 364 914 442 plurima
941 373 972 423 et

129 444 262 502 maxima
305 443 407 521 Neque
421 444 506 515 enim,
522 444 547 501 si
560 451 626 501 tuae
640 463 685 502 res
700 452 970 521 gestae.ceterorum

129 522 262 580 laudibus
287 522 489 582 obscuritatem
512 523 677 595 attulerunt,
692 524 799 582 idcirco
820 524 972 582 CuPom-

129 603 188 680 peii
208 603 377 660 memoriam
402 603 557 661 amisimus.
599 602 746 672 Quantum
767 623 873 661 nomen
893 604 972 662 illius

129 683 225 754 fuerit,
237 689 359 760 quantae
373 701 450 760 opes,
461 689 568 760 quauta
580 683 611 739 iu
625 683 705 740 omni
715 702 819 760 genero
829 683 970 741 bellorum

129 762 339 840 gloriaquauti
349 762 473 820 bonores
483 762 583 840 populi
592 762 724 834 Romani,
735 764 835 841 quanti
845 771 970 835 senatus,

130 842 230 919 quanti
244 842 288 899 tui
303 842 367 919 quis
383 842 516 919 ignorat?
555 842 650 900 Tanto
663 843 712 900 ille
726 843 885 920 superiores
897 843 972 902 vice·

90 949 92 953 ·
129 927 174 978 rat
194 921 293 998 gloria,
306 928 414 998 quanto
438 929 471 979 tu
496 921 629 981 omuibus
649 923 825 999 praestitisti.
867 923 971 1000 Itaque

130 1000 182 1058 Cn.
198 1000 332 1078 Pompeii
361 1000 441 1072 bella,
458 1001 599 1073 victorias,
617 1003 787 1079 triumphos,
805 1002 971 1061 consulatus

130 1079 303 1138 admirantes
319 1079 553 1139 numerabamus:
575 1088 641 1139 tuos
655 1101 819 1140 enumerare
832 1101 891 1140 non
905 1102 972 1160 pos-

130 1180 235 1219 sumus.
278 1160 315 1219 V.
349 1166 393 1218 13.
410 1160 459 1218 Ad
476 1180 542 1218 eum
558 1161 647 1238 igitur
660 1181 709 1219 rex
723 1161 876 1219 Deiotarus
890 1163 971 1220 venit

128 1240 185 1298 hoc
201 1240 306 1298 misero
319 1239 458 1317 fatalique
471 1239 555 1312 bello,
568 1260 653 1318 quem
667 1248 751 1299 antea
764 1242 847 1299 iustis
860 1242 972 1301 hostili-

128 1319 240 1397 busque
261 1319 343 1377 bellis
363 1319 517 1391 adiuverat,
534 1339 657 1397 quocum
682 1329 742 1378 erat
762 1341 820 1379 nou
841 1321 970 1400 hospitio

130 1400 230 1471 solum,
241 1418 339 1457 rerum
356 1400 443 1457 etiam
457 1399 651 1459 familiaritate
664 1402 841 1473 coniunctus,
851 1409 881 1459 et
891 1403 971 1460 venit

128 1479 174 1537 vel
194 1486 311 1556 rogatus
332 1485 365 1537 ut
385 1479 501 1551 amicus,
516 1479 561 1539 vel
581 1481 731 1538 arcessitus
754 1487 787 1538 ut
808 1481 910 1552 socius,
924 1481 970 1538 vel

129 1566 263 1617 evocatus
279 1565 312 1616 ut
328 1560 360 1630 is,
374 1559 423 1636 qui
440 1560 549 1617 senatui
563 1579 661 1637 parere
678 1560 841 1619 didicisset:
861 1569 971 1638 postre-

128 1658 178 1696 mo
195 1639 274 1696 veuit
290 1638 328 1695 ad
343 1638 513 1715 fugientem,
525 1658 584 1696 nou
605 1639 642 1697 ad
658 1640 864 1717 insequentem,
876 1640 907 1698 id
926 1647 970 1699 est

129 1718 166 1775 ad
189 1717 317 1794 periculi,
339 1736 398 1775 nou
425 1717 463 1775 ad
489 1719 624 1777 victoriae
651 1720 826 1778 societatem.
868 1719 970 1798 Itaque

129 1797 294 1854 Pharsalico
308 1797 419 1875 proelio
433 1798 511 1856 facto
528 1819 546 1856 a
562 1799 703 1876 Pompeio
720 1800 865 1858 discessit:
888 1819 969 1877 spem

129 1876 271 1934 infinitam
289 1877 421 1955 persequi
437 1878 547 1936 noluit:
569 1879 613 1936 vel
627 1878 730 1951 officio,
741 1880 765 1937 si
782 1878 852 1957 quid
866 1879 970 1938 debue-

128 1963 181 2027 rat,
197 1956 241 2015 vel
263 1957 359 2028 errori,
377 1957 401 2014 si
426 1957 496 2035 quid
520 1959 666 2030 nescierat,
682 1960 751 2017 satis
774 1961 884 2018 factum
908 1979 969 2018 esse

129 2036 228 2094 duxit:
251 2036 370 2094 domum
385 2057 415 2094 se
429 2037 559 2109 contulit,
571 2045 656 2116 teque
670 2039 898 2097 Alexandrinum
911 2039 970 2097 bel·

128 2117 189 2174 lum
210 2123 327 2194 gerente
344 2116 517 2175 utilitatibus
537 2119 595 2175 tuis
611 2119 715 2196 paruit.
759 2125 804 2177 14.
821 2119 872 2178 Ille
893 2138 970 2177 exer-

129 2197 218 2254 citum
230 2195 282 2254 Cn,
288 2196 421 2267 Domitii,
429 2196 598 2274 amplissimi
609 2199 670 2271 viri,
680 2199 737 2257 suis
746 2199 830 2257 tectis
840 2207 869 2257 et
877 2199 969 2277 copiis

129 2277 315 2334 sustentavit:
337 2277 385 2334 ille
402 2277 549 2354 Ephesum
567 2278 605 2335 ad
621 2297 696 2350 eum,
709 2298 794 2356 quem
810 2287 842 2337 tu
859 2298 894 2337 ex
909 2279 969 2336 tuis

128 2355 326 2414 fidelissimum
340 2364 370 2415 et
380 2357 614 2435 probatissimum
628 2359 762 2416 omuibus
773 2358 911 2436 delegisti,
921 2378 970 2436 pe·

129 2436 243 2493 cuniam
254 2437 347 2494 misit:
364 2437 411 2494 ille
423 2437 535 2508 iterum,
543 2437 591 2496 ille
599 2439 684 2496 tertio
695 2439 875 2496 auctionibus
883 2439 968 2496 factis

128 2515 279 2592 pecuniam
296 2514 454 2593 deditque
470 2516 507 2574 ad
523 2517 630 2575 bellum
651 2525 776 2576 uterere:
801 2518 849 2577 ille
865 2538 969 2596 corpus

129 2613 212 2651 suum
224 2594 350 2670 periculo
365 2595 478 2667 obiecit,
490 2602 644 2675 tecumque
657 2598 688 2654 in
702 2598 762 2656 acie
772 2605 871 2655 contra
881 2598 969 2656 Phar·

128 2692 229 2734 nacem
242 2673 300 2731 fuit
310 2681 452 2753 tuumque
464 2675 651 2734 hostem'esse
665 2677 747 2735 duxit
761 2697 852 2736 suum.
889 2678 969 2746 Quae

129 2753 246 2830 quidem
263 2761 326 2812 ate
342 2755 372 2811 in
389 2774 452 2813 eam
468 2763 579 2832 partem
595 2765 711 2834 accepta
726 2765 800 2828 sunt,
813 2756 923 2830 Caesar,
935 2765 969 2816 ut

129 2851 195 2889 eum
209 2833 386 2910 amplissimo
400 2835 476 2910 regis
489 2836 598 2894 honore
612 2843 641 2893 et
654 2837 930 2904 nomine'adfeceris.
960 2845 961 2848 ’

171 2916 216 2969 15.
232 2911 261 2968 Is
275 2913 364 2988 igitur
377 2931 435 2969 non
449 2913 537 2970 modo
552 2933 569 2970 a
581 2922 611 2971 te
625 2915 750 2993 periculo
764 2916 908 2989 liberatus,
918 2917 970 2976 sed

129 2989 216 3046 etiam
231 2989 339 3046 honore
353 2991 529 3067 amplissimo
547 3001 671 3066 ornatus,
683 2996 812 3072 arguitur
825 2997 925 3055 domui
939 3005 969 3056 te

129 3087 196 3125 suae
212 3068 369 3126 interficere
383 3063 526 3128 voluisse?
545 3073 623 3148 quod
637 3083 677 3144 tu,
689 3076 744 3132 nisi
758 3095 825 3133 cum
841 3079 970 3136 furiosis-

129 3147 233 3204 simum
258 3147 375 3218 iddicas
394 3149 530 3225 suspicari
554 3153 686 3228 profecto
708 3173 766 3210 non
791 3164 882 3232 potes,
925 3157 969 3216 Ut
