2262 3412
127 128 160 176 ot
323 125 394 177 PRO
410 126 440 176 L.
458 123 612 175 MURENA
628 123 771 176 ORATIO.

129 228 268 286 trareturl
308 227 374 285 Hoc
391 227 479 304 igitur
492 227 523 283 in
537 225 612 284 bello
629 225 660 284 L.
673 226 830 299 Murenam,
843 225 970 305 legatum

129 307 279 365 fortissimi
293 307 390 378 animi,
402 307 507 364 summi
521 305 641 377 consilii,
653 307 772 364 maximi
786 305 891 365 laboris
905 327 971 385 cog·

90 403 94 410 ·
128 387 223 446 nitum
247 406 307 444 esse
329 386 519 457 defendimus,
540 391 569 444 et
589 385 664 442 hanc
688 386 749 443 eius
771 405 887 464 operam
910 406 970 445 non

128 467 225 525 minus
243 467 280 524 ed
296 461 476 524 consulatum
492 465 709 542 adipiscendum
727 485 813 544 quam
830 466 904 525 hanc
920 486 971 526 no

129 553 217 604 stram
231 547 375 604 forensem
389 546 559 603 industriam
573 545 724 622 dignitatis
738 545 878 604 habuisse.

168 627 267 684 XVII.
310 632 356 684 35.
378 626 421 683 At
434 625 512 683 enim
526 625 556 681 in
570 632 719 702 praeturae
735 625 875 702 petitione
892 625 971 703 prior

128 707 308 766 renuntiatus
321 712 365 764 est
375 705 496 763 Servius.
532 705 694 781 Pergitisne
708 724 760 762 vos
773 711 921 783 tamquam
935 724 970 763 ex

129 786 293 864 syngrapha
308 805 392 863 agere
408 804 474 842 cum
490 784 607 863 popule,
619 790 653 842 ut
667 803 751 862 quem
768 784 865 842 locum
883 785 970 843 semel

128 865 247 924 honoris
263 865 387 942 cuipiam
401 865 520 936 dederit,
533 864 666 922 eumdem
683 864 799 942 reliquis
813 864 971 922 honoribus

129 945 250 1004 debeatl
296 945 382 1014 Quod
408 945 485 1002 enim
512 945 629 1016 fretum,
650 963 735 1023 quem
760 944 901 1022 Euripum
925 951 971 1002 tot

47 1055 53 1066 ·
128 1032 234 1096 motus,
249 1032 351 1097 tantas,
366 1031 426 1082 tam
443 1024 534 1082 varias
550 1023 654 1082 habere
672 1024 781 1103 putatis
800 1024 970 1103 agitationes

129 1102 424 1182 commutationesque
438 1103 588 1175 fluctuum,
604 1112 725 1182 quantas
741 1104 970 1183 perturbationes

129 1192 159 1243 ct
173 1192 295 1263 quantos
308 1192 402 1242 aestus
415 1183 502 1243 habet
515 1185 588 1242 ratio
602 1184 805 1242 comitioruml
845 1184 915 1242 Dies
929 1184 971 1242 in·

129 1265 275 1344 termissus
292 1271 342 1322 aut
355 1284 413 1321 nox
423 1264 597 1341 interposita
612 1283 695 1342 saepe
708 1263 859 1343 perturbat
873 1264 971 1322 omnia
1026 1307 1031 1316 .

114 1351 159 1402 'et
171 1352 264 1403 totam
281 1345 449 1421 opinionem
462 1362 550 1420 parva
564 1363 624 1401 non
638 1363 795 1422 numquam
810 1351 970 1402 commutat

129 1443 197 1482 aura
210 1425 339 1482 rumoris.
377 1423 468 1500 Saepe
482 1425 569 1481 etiam
583 1425 644 1482 sine
658 1424 715 1481 ulla
728 1431 827 1502 aperta
840 1443 924 1482 causa
937 1423 971 1483 fit

129 1504 207 1562 aliud
221 1511 307 1582 atquc
324 1503 502 1575 existimaris,
514 1511 547 1561 ut
561 1523 619 1561 non
633 1523 791 1582 numquam
806 1504 847 1562 ita
860 1504 970 1562 factum

129 1603 190 1642 esse
210 1585 298 1642 etiam
318 1582 442 1660 populus
462 1583 626 1656 admiretur,
642 1584 723 1661 quasi
742 1603 808 1642 vero
829 1602 888 1641 non
909 1584 970 1662 ipse

128 1664 237 1721 iecerit
280 1669 326 1722 36.
350 1662 431 1720 Nihil
445 1669 488 1720 est
501 1663 637 1721 incertius
650 1664 745 1742 vulgo,
757 1663 830 1721 nihil
848 1663 972 1722 obscuri-

129 1763 163 1801 us
185 1743 332 1801 voluntate
354 1742 513 1814 hominum,
531 1743 604 1801 nihil
625 1743 754 1802 fallacius
776 1744 887 1802 ratione
909 1751 972 1803 tota

130 1823 321 1881 comitiorum.
367 1822 438 1892 Quis
462 1822 493 1880 L.
512 1822 681 1900 Philippum
706 1843 819 1882 summo
844 1825 970 1902 ingenio,

130 1923 224 1980 opera,
234 1903 333 1980 gretia,
343 1903 501 1974 nobilitate,
511 1923 529 1960 a
542 1902 580 1961 M.
590 1903 737 1962 Herennio
751 1905 877 1982 superari
887 1924 971 1983 posse

130 1983 282 2040 arbitratus
298 1983 359 2041 esti
380 1983 444 2061 quis
461 1981 651 2054 Q,Oatulum,
663 1983 850 2057 humanitate,
863 1986 972 2063 sapien-

129 2063 178 2134 tia,
190 2063 354 2142 integritate
371 2062 595 2135 antecellentem,
608 2083 626 2121 a
639 2063 691 2122 Cn.
702 2064 829 2124 Manhol
850 2067 915 2144 quis
930 2066 970 2124 M.

130 2142 276 2214 Scaurum,
296 2143 444 2200 hominem
468 2143 677 2219 gravissimum,
697 2145 789 2203 civem
814 2147 970 2224 egregium,

12 2279 21 2297 .
129 2223 319 2281 fortissimum
340 2230 508 2294 senatorem,
523 2242 541 2280 a
559 2221 592 2291 Q,
608 2223 754 2284 Maximol
794 2225 861 2285 Non
883 2227 972 2285 modo

130 2302 233 2360 horum
249 2301 322 2360 nihil
338 2303 380 2361 ita
394 2303 458 2360 fore
474 2309 608 2380 putatum
625 2311 677 2376 est,
691 2305 743 2363 sed
758 2324 794 2363 ne
813 2325 879 2364 cum
898 2313 973 2365 esset

14 2451 21 2460 .
130 2383 240 2441 factum
257 2382 373 2460 quidem
390 2402 448 2459 qua
463 2402 493 2440 re
509 2383 552 2456 ita
567 2382 678 2441 factum
695 2393 769 2443 esset
783 2386 906 2465 intelligi
922 2406 973 2464 pc

130 2463 194 2520 tuit.
237 2463 313 2520 Nam
331 2469 365 2520 ut
380 2469 566 2540 tempestates
585 2483 669 2541 saepe
688 2472 766 2524 certo
787 2467 883 2545 aliquo
902 2466 973 2524 caeli

131 2542 214 2619 signo
233 2549 458 2612 commoventur,
474 2562 559 2620 saepe
574 2544 731 2622 improviso
750 2546 829 2604 nulla
844 2566 879 2604 ex
896 2554 973 2604 certa

130 2623 250 2694 ratione,
261 2621 381 2680 obscura
394 2622 490 2699 aliqua
503 2643 537 2681 ex
552 2643 636 2682 causa
650 2625 816 2697 excitantur,
827 2627 867 2684 sic
878 2627 908 2684 in
919 2624 972 2682 hac

130 2703 313 2760 comitiorum
328 2709 499 2780 tempestate
515 2704 647 2782 populari
661 2724 744 2783 saepe
757 2706 900 2783 intelligas
914 2723 972 2782 quc

97 2779 101 2786 ’
131 2782 214 2860 signo
231 2789 378 2840 commota
391 2783 437 2855 sit,
449 2803 533 2860 saepe
546 2785 589 2841 ita
602 2784 721 2843 obscura
737 2793 788 2857 est,
800 2793 833 2843 ut
847 2805 913 2844 casu
927 2804 973 2842 ex-

131 2863 218 2920 citata
232 2881 292 2920 csse
306 2862 444 2921 videatur.
482 2863 596 2922 XVIII.
636 2865 681 2922 37.
702 2864 760 2922 Sed
773 2873 878 2936 tamen,
891 2865 915 2922 ai
929 2872 973 2922 est
1036 2917 1043 2930 ‚

131 2942 277 3001 reddenda
294 2943 375 3014 ratio,
388 2943 461 3000 duae
477 2962 522 3000 res
538 2943 721 3002 vehementer
737 2945 766 3001 in
781 2953 913 3022 praetura
926 2944 973 3002 de·

131 3023 270 3081 sideratae
295 3029 370 3094 sunt,
391 3042 463 3100 quae
487 3021 587 3080 ambae
609 3023 640 3081 in
665 3023 813 3082 consulatu
838 3024 972 3100 Murenae

131 3103 319 3180 profuerunt:
344 3121 409 3173 una,
429 3102 604 3179 exspectatio
628 3104 762 3174 muneris
782 3123 854 3181 quae
878 3110 908 3162 et
928 3123 974 3161 ru-

131 3201 212 3242 more
226 3201 285 3240 non
299 3181 378 3240 nullo
392 3188 422 3240 et
435 3181 538 3240 studiis
555 3183 788 3260 sermonibusque
805 3183 974 3261 competito-
