2262 3412
115 95 147 146 72
271 94 312 144 IN
328 94 358 145 L.
372 91 575 144 OATILINAM
592 91 727 144 ORATIO
743 93 793 146 IV.

114 193 240 272 singulas
255 195 342 252 unius
357 195 494 273 cuiusque
509 201 640 254 nostrum
657 194 759 256 domos
776 202 805 254 et
817 196 874 256 hoc
889 197 952 257 uni·

114 293 227 332 versum
247 275 288 332 rei
303 272 434 351 publicae
455 275 633 333 domicilium
650 274 742 334 delere
763 278 858 335 conati
875 283 967 351 suut,

115 354 213 432 quiid
232 360 359 429 egerunt,
372 360 405 411 ut
424 361 540 431 gentem
559 353 751 432 Allobrogum
771 356 802 413 iu
822 359 952 436 vestigiis

113 432 200 490 huius
215 433 294 491 urbis
313 440 399 510 atque
415 434 446 490 in
462 435 555 492 cinere
573 434 721 512 deflagrati
736 435 852 512 imperii
868 437 952 495 collo-

114 519 219 584 carent,
235 513 258 570 si
274 512 518 571 vehementissimi
533 513 680 584 fuerimus,
692 515 889 574 misericordes
904 516 952 574 ha-

113 591 262 650 bebimur:
287 593 331 650 siu
351 593 525 651 remissiores
548 613 608 651 esse
628 593 809 666 voluerimus,
825 609 952 654 summac

113 671 198 730 nobis
211 671 387 731 crudelitatis
400 673 431 731 iu
441 673 549 750 patriae
563 673 725 751 civiumque
735 674 862 750 pernicie
874 675 953 734 fama

114 751 263 810 subeunda
283 760 333 811 cst
377 757 423 810 13.
439 751 503 810 Nisi
519 771 586 810 vero
599 752 725 829 cuipiam
741 751 772 811 L.
783 752 894 826 Caesar,
909 755 953 812 vir

113 831 288 890 fortissimus
309 839 338 890 et
358 832 570 889 amantissimus
593 832 634 889 rei
657 831 797 910 publicae,
812 831 953 892 crudelior

113 911 220 969 nudius
239 911 341 969 tertius
357 912 434 969 visus
454 918 505 982 est,
520 931 587 969 cum
611 912 715 969 sororis
739 931 813 984 suae,
827 913 953 973 feminac

113 990 291 1064 lectissimae,
303 991 395 1048 virum
409 997 587 1068 praesentem
604 998 634 1050 et
647 991 811 1050 audientem
825 993 885 1050 vita
896 993 953 1070 pri-

113 1071 239 1129 vandum
260 1090 320 1130 esse
341 1071 422 1142 dixit,
434 1091 500 1129 cum
520 1090 605 1129 avum
626 1091 710 1129 suum
730 1071 809 1128 iussu
829 1072 952 1130 consulis

114 1150 298 1210 interfectum
322 1150 470 1228 filiumque
494 1151 555 1209 eius
578 1151 765 1230 impuberem,
785 1151 911 1229 legatum
936 1172 953 1211 a

113 1237 195 1309 patre
210 1232 339 1304 missum,
354 1232 385 1288 in
401 1250 510 1289 carcere
525 1238 658 1289 necatum
676 1250 736 1288 esse
753 1231 834 1289 dixit
877 1231 953 1301 Quo

113 1330 178 1369 rum
193 1311 271 1388 quod
287 1311 379 1369 simile
395 1311 523 1369 factumi
544 1311 622 1388 quod
637 1310 744 1368 initum
759 1311 895 1369 delendae
911 1312 953 1370 rei

113 1391 247 1468 publicae
260 1391 431 1448 consiliuml
466 1389 640 1468 Largitiouis
653 1390 784 1448 voluntas
797 1397 861 1448 tum
875 1391 905 1448 in
921 1410 952 1449 re

113 1471 230 1548 publice
249 1477 360 1528 versata
379 1476 423 1528 est
442 1476 472 1528 et
491 1471 617 1546 partium
638 1470 778 1547 quaedam
794 1471 950 1529 contentio.

113 1550 212 1627 Atque
233 1569 267 1608 eo
287 1556 417 1627 tempore
437 1549 522 1608 huius
543 1569 611 1608 avus
635 1549 816 1646 Lentuligvir
835 1549 953 1608 clarissi-

113 1649 186 1702 mus,
202 1636 328 1687 armatus
344 1627 505 1687 Gracchum
523 1636 567 1688 est
576 1635 754 1707 persecutus.
796 1628 848 1687 Ille
865 1631 951 1688 etiam

113 1727 199 1786 grave
212 1716 276 1767 tum
290 1708 393 1766 vulnus
407 1709 572 1786 accepitne
586 1709 703 1786 quidde
717 1728 829 1767 summa
841 1728 872 1767 re
882 1709 985 1787 pub-x

113 1788 169 1846 lica
181 1789 409 1847 deminueretur:
431 1787 478 1846 hic
495 1789 532 1848 ad
545 1788 704 1847 evertenda·
709 1788 899 1846 fundamenta
911 1789 952 1847 rei

113 1868 244 1945 publicae
264 1868 363 1926 Gallos
383 1868 506 1940 arcessit,
519 1869 633 1927 servitia
652 1869 785 1941 concitat,
798 1868 952 1926 Catilinam

114 1955 205 2019 vocat,
217 1948 350 2007 attribuit
370 1967 423 2006 uos
443 1948 628 2007 trucidandos
648 1948 778 2026 Cethego
798 1955 828 2006 et
844 1956 952 2007 ceteros

25 2047 26 2054 ¹
114 2028 190 2086 cives
211 2027 424 2086 interficiendos
444 2027 576 2101 Gabinio,
594 2028 693 2086 urbem
718 2027 952 2086 inflammandam

114 2106 222 2180 Cassio,
233 2107 343 2166 Italiam
358 2115 449 2166 totam
464 2109 630 2166 vastandam
641 2107 888 2186 diripiendamque
900 2108 953 2166 Ga-

114 2188 219 2246 tilinse.
256 2187 422 2246 Vereamini
437 2207 546 2260 censeo,
556 2208 593 2246 ne
603 2188 633 2245 iu
643 2187 699 2246 hoc
714 2187 817 2246 scelere
830 2194 890 2246 tam
901 2189 953 2245 im·

114 2268 193 2325 mani
209 2287 241 2325 ac
257 2274 318 2326 tam
333 2257 462 2326 'rl'efando
477 2268 564 2326 nimis
581 2267 690 2345 aliquid
706 2287 801 2326 severe
822 2269 952 2326 statuisse

114 2347 284 2406 videamini:
306 2348 398 2406 multo
408 2348 502 2425 magis
515 2354 558 2407 est
568 2348 723 2406 verendum
737 2366 774 2406 ne
787 2348 952 2406 remissione

114 2446 223 2504 poenae
234 2427 404 2486 crudeliores
418 2428 448 2485 in
459 2429 581 2505 patriam
593 2447 678 2504 quam
689 2447 726 2486 ne
737 2428 885 2486 severitate
895 2427 954 2484 aui·

114 2506 320 2565 madversionis
335 2508 423 2566 nimis
436 2508 619 2568 vehementes
632 2507 663 2565 iu
679 2507 876 2566 acerbissimos
889 2506 954 2565 hos-

114 2591 158 2644 tes
171 2587 260 2645 fuisso
274 2587 436 2647 videamini.

155 2665 223 2725 VII.
260 2671 306 2725 14.
323 2666 381 2725 Sed
394 2687 435 2740 ea,
448 2686 521 2746 quae
538 2667 668 2740 exaudio,
680 2675 775 2746 patres
789 2665 952 2745 conscripti,

115 2744 293 2805 dissimulare
304 2765 363 2804 non
373 2767 499 2825 possum.
532 2747 679 2807 Iaciuntur
693 2749 769 2806 enim
780 2765 871 2819 voces,
882 2765 954 2824 quae

115 2827 285 2902 perveniunt
299 2826 336 2884 ad
349 2841 430 2886 aures
439 2847 526 2900 meas,
538 2847 646 2900 eorum,
659 2829 709 2906 qui
722 2827 812 2886 vereri
822 2827 955 2884 videntur

115 2911 149 2963 ut
161 2905 282 2964 habeam
300 2907 368 2965 satis
381 2907 516 2984 praesidii
532 2907 569 2964 ad
586 2927 626 2980 ea,
639 2927 711 2985 quae
727 2927 779 2965 vos
800 2906 955 2964 statueritis

115 2983 256 3044 hodierno
270 2987 325 3057 die,
337 2987 530 3063 transiguuda
573 2987 680 3046 Omnia
695 2993 725 3045 et
738 2986 852 3065 provisa
865 2993 894 3044 et
907 3005 956 3063 pa-

0 3077 1 3144 ]
116 3072 178 3123 rata
197 3073 226 3124 et
246 3066 403 3124 constituta
423 3072 497 3136 suut,
512 3071 608 3142 patres
628 3066 790 3143 conscripti,
805 3085 871 3124 cum
891 3084 956 3123 mea

0 3145 1 3156 ¹
117 3163 229 3215 summa
239 3164 306 3206 cura
316 3151 401 3222 atque
412 3143 561 3221 diligentia
570 3151 634 3203 tum
645 3145 731 3204 etiarn
744 3145 838 3203 multo
848 3145 956 3202 maiore
