2262 3412
131 151 149 202 l
240 150 290 200 DE
306 147 460 200 IMPERIO
476 147 530 199 CN.
544 147 696 200 POMPEII
712 147 855 200 ORATIO.

131 221 312 388 versariP.
330 249 446 308 Etenim
466 248 560 309 adhuc
576 249 618 307 ita
632 249 727 324 ¹nostri
748 269 814 307 cum
834 248 884 308 iilo
901 267 969 328 rege

132 337 236 389 conten
257 336 340 388 erunt
356 330 550 406 imperatores,
566 335 599 387 ut
616 328 651 386 ab
668 329 717 387 illo
738 329 862 406 insignia
880 331 969 388 victo-

131 411 197 481 riae,
207 429 265 467 non
276 408 425 466 victoriam
435 415 620 486 reportarent.
652 407 852 486 Triumphavit
865 409 896 467 L
907 409 969 467 Sul·

131 490 166 561 la,
177 489 366 567 triumphavit
382 488 413 546 L.
424 488 543 546 Murena
559 488 594 546 de
612 487 786 559 Mithridate,
798 488 857 546 duo
873 489 969 547 fortis-

24 613 27 617 ·
132 569 197 628 simi
208 569 261 625 viri
275 575 304 626 et
314 568 419 625 summi
431 568 625 646 imperatores,
636 568 736 626 sedita
745 567 967 646 triumpharunt,

131 656 165 706 ut
178 648 225 706 ille
239 648 338 725 pulsus
352 655 555 725 superatusque
572 655 709 724 regnaret.
745 647 855 706 Verum
871 655 969 706 tamen

18 743 21 748 ’
132 729 188 786 illis
205 727 424 805 imperatoribus
440 727 501 785 laus
518 734 561 784 est
577 727 730 785 tribuenda
745 727 824 804 quod
840 734 968 804 egerunt,

132 808 215 865 venia
228 807 322 865 danda
336 806 414 883 quod
427 797 610 884 reliquerunt,¹
622 813 773 884 propterea
789 807 868 884 quod
881 806 917 864 ab
934 825 969 864 eo

95 949 96 952 Ἴ
132 886 207 945 bello
225 886 332 956 Sullam
349 887 380 943 in
396 885 510 944 Italiam
528 906 572 944 res
592 886 715 964 publica,
727 884 875 944 Murenam
892 886 971 944 Sulla

132 966 282 1024 revocavit.

173 1045 225 1104 IV.
269 1051 295 1104 9.
313 1045 494 1104 Mithridates
514 1051 610 1104 autem
633 1063 718 1104 omne
738 1041 880 1124 reliquum
899 1052 971 1103 tem·

133 1145 188 1203 pus
201 1144 259 1182 non
273 1125 311 1184 ad
324 1125 498 1184 oblivionem
512 1127 615 1184 veteris
628 1125 703 1197 belli,
715 1125 766 1183 sed
779 1125 816 1183 ad
826 1145 971 1202 compara-

132 1205 242 1263 tionem
269 1205 337 1263 novi
364 1206 505 1264 contulit:
533 1207 583 1284 qui
609 1212 717 1283 postea,
738 1224 804 1263 cum
830 1207 970 1263 maximas

133 1284 308 1344 aedificasset
322 1292 504 1363 ornassetque
518 1286 620 1344 classes
633 1286 828 1362 exercitusque
842 1303 971 1362 permag-

133 1383 186 1422 nos
200 1365 426 1442 quibuscumque
435 1385 475 1434 ,ex
485 1365 619 1442 gentibus
629 1365 770 1440 potuisset
780 1371 971 1442 comparasset

133 1452 163 1503 ct
179 1465 209 1502 se
225 1445 401 1522 Bosporanis
417 1443 548 1501 finitimis
564 1444 622 1502 suis
638 1443 745 1502 bellum
762 1445 867 1503 inferre
886 1445 972 1502 simu·

133 1524 211 1596 laret,
223 1543 313 1601 usque
327 1525 357 1580 in
371 1523 543 1601 Hispaniam
553 1522 663 1600 legatos
676 1542 709 1581 ac
722 1523 831 1582 litteras
844 1524 924 1582 misit
934 1523 972 1582 ad

134 1623 183 1662 eos
206 1604 301 1674 duces,
320 1602 498 1680 quibuscum·
513 1609 577 1662 tum
604 1603 709 1660 bollum
734 1603 911 1681 gerebamus,
928 1611 969 1675 ut,

134 1703 200 1742 cum
219 1682 331 1741 duobus
347 1683 377 1740 in
394 1682 465 1740 locis
483 1682 713 1740 disiunctissimis
731 1684 912 1762 maximeque
930 1685 973 1742 di·

133 1763 221 1822 versis
231 1781 289 1820 uno
300 1761 420 1820 consilio
428 1781 446 1822 a
455 1762 531 1820 binis
541 1761 668 1820 hostium
679 1763 770 1840 copiis
780 1763 887 1822 bellum
897 1770 973 1822 terra

133 1843 262 1920 marique
278 1848 430 1919 gereretur,
445 1861 496 1899 vos
513 1842 631 1919 ancipiti
648 1843 832 1902 contentione
849 1843 972 1902 districti

135 1922 170 1980 dc
184 1923 305 2000 imperio
320 1921 501 1980 dimicaretis.
538 1927 583 1979 10.
600 1921 657 1980 Sed
670 1929 768 1980 tamen
782 1922 897 1982 alterius
910 1942 973 2001 par-

134 2003 173 2060 tis
192 2001 359 2079 periculum,
371 2000 549 2060 Sertorianae
570 2005 655 2080 at'que
676 2002 884 2080 Hispaniensis,
900 2021 973 2080 quae
1009 2063 1012 2075 ,

134 2081 227 2140 multo
241 2081 305 2158 plus
319 2079 491 2138 firmamenti
508 2101 540 2139 ac
553 2081 664 2139 roboris
679 2081 811 2154 habebat,
824 2082 876 2140 Oa
886 2082 974 2140 Pom·
1019 2076 1024 2083 ”

135 2161 193 2239 peii
217 2160 315 2218 divino
339 2160 459 2218 consilio
483 2181 515 2219 ac
540 2160 675 2238 singulari
696 2162 801 2220 virtute
821 2162 973 2240 depulsum

135 2248 195 2298 cst:
216 2241 247 2297 in
263 2240 352 2298 altera
367 2247 447 2317 parte
461 2241 502 2298 ita
518 2260 562 2299 res
578 2260 595 2298 a
608 2241 640 2299 L
650 2240 769 2300 Lucullo
784 2261 896 2299 summo
911 2242 974 2299 viro

107 2354 117 2362 -
135 2328 179 2378 cst
188 2320 393 2391 administrata,
406 2327 439 2378 ut
452 2320 535 2378 initia
547 2320 596 2378 illa
604 2340 700 2379 rerum
714 2329 857 2399 gestarum
868 2340 974 2398 magna

136 2407 221 2477 atque
235 2399 377 2477 praeclara
392 2418 452 2457 non
471 2401 603 2458 felicitati
624 2400 692 2472 eius,
711 2401 761 2458 sed
781 2401 888 2473 virtuti,
903 2401 973 2459 haec

136 2486 232 2538 autem
249 2486 382 2551 extrema,
399 2496 470 2556 quae
486 2499 578 2558 nuper
598 2480 770 2552 acciderunt,
784 2499 844 2538 non
864 2480 972 2558 culpae,

136 2559 187 2616 sed
204 2559 337 2618 fortunae
354 2558 505 2618 tribuenda
521 2579 581 2618 esse
595 2559 752 2618 videantur.
794 2559 851 2618 Sed
868 2560 904 2618 de
920 2560 973 2619 Lu·

136 2638 210 2696 cullo
225 2639 319 2710 diram
333 2639 389 2697 alio
400 2637 464 2696 loco
478 2646 507 2698 et
521 2641 562 2698 ita
575 2639 677 2711 dicam,
690 2639 823 2711 Quirites,
835 2647 868 2698 ut
881 2659 974 2718 neque

136 2737 202 2776 vera
212 2718 273 2777 laus
286 2719 312 2776 ei
326 2718 454 2777 detracta
468 2720 596 2777 oratione
609 2738 674 2777 mea
687 2739 779 2796 neque
789 2720 861 2778 falsa
871 2719 975 2778 adficta

72 2805 75 2812 ⁴
137 2817 197 2857 esse
210 2798 356 2856 videatur:
380 2804 425 2857 11.
442 2798 580 2856 devestri
597 2799 710 2876 imperii
727 2799 868 2877 dignitate
888 2807 974 2877 atquc

137 2877 235 2955 gloria,
248 2878 382 2956 quoniam
398 2878 423 2935 is
440 2884 482 2936 est
499 2897 615 2936 exorsus
629 2879 766 2936 orationis
779 2898 867 2951 meae,
879 2879 974 2937 videte

138 2977 223 3034 quem
237 2958 320 3016 vobis
333 2958 462 3016 mimum
476 2956 688 3034 suscipiendum
702 2958 817 3034 putetis.

177 3038 214 3097 V.
231 3037 354 3096 Maiores
369 3037 460 3095 nostri
478 3055 560 3112 saepe
576 3036 781 3094 mercatoribus
797 3044 847 3095 aut
863 3037 975 3095 navicu-

137 3117 213 3175 lariis
224 3117 329 3176 nostris
342 3115 506 3173 iniuriosius
519 3115 648 3172 tractatis
657 3113 731 3172 bella
743 3124 906 3194 gesserunt:
924 3137 975 3174 vos

137 3203 183 3256 tot
204 3197 321 3254 milibus
341 3194 447 3253 civium
468 3193 664 3252 Romanorum
688 3213 746 3252 uno
766 3196 868 3254 nuntio
889 3202 975 3272 atque
