2262 3412
402 150 771 216 ·cAr.1x.-x1.,§aa-as.
978 157 1012 207 11

170 257 305 318 Ι1111111111
318 275 349 316 11
362 276 396 314 ex
406 255 526 333 perditis
540 263 626 334 atque
640 257 675 315 ab
690 257 770 315 omni
779 277 839 316 non
852 259 941 317 modo
954 259 1012 318 for-

116 348 120 358 '
173 345 252 409 tuna,
263 355 362 394 verum
380 337 465 393 etiam
483 355 533 413 spe
547 336 689 394 derelictis
702 337 854 396 conflatam
868 339 1012 416 improbo·

170 438 237 476 rum
250 435 377 475 manum.
410 421 457 472 26.
470 415 527 472 Η11
538 421 570 473 tu
585 434 641 493 qua
653 416 762 475 laetitia
771 419 932 494 perfruere!
951 421 1011 497 qui·

172 497 226 556 bus
242 497 355 575 gaudiis
372 494 542 553 exsultabis!
564 503 671 572 quanta
686 496 717 552 in
731 497 878 574 voluptate
894 497 1011 557 baccha-

172 577 246 649 bere,
262 597 329 635 eum
352 576 383 632 in
406 581 488 632 tanto
513 593 632 632 numero
656 581 771 632 tuorum
795 595 888 654 neq-ue
912 579 1010 637 audies

172 657 265 714 virum
278 657 387 714 bonum
403 672 574 732 quemquam
591 673 683 732 neque
697 655 821 714 videbis!
863 656 912 714 Ad
925 657 1010 716 huius

171 736 247 793 vitae
263 735 391 793 studium
407 735 539 792 meditati
553 733 595 791 illi
609 741 675 792 sunt
690 735 739 812 qui
755 735 887 793 feruntur
900 736 1010 796 labores

171 815 223 885 tui,
235 815 324 873 iacere
338 815 419 873 humi
433 831 492 872 non
507 814 600 872 solum
614 814 651 871 ad
665 814 854 872 obsidendum
869 823 1008 893 stuprum,

172 913 270 952 verum
287 895 373 952 etiam
390 894 427 951 ad
443 895 555 952 facinus
572 893 744 966 obeundum,
756 894 872 972 vigilare
891 915 949 953 non
967 917 1010 955 so·

172 973 231 1030 lum
240 974 422 1032 insidiantem
432 993 533 1034 somno
542 974 821 1046 maritorum,verum
830 975 917 1033 etiam
925 975 1009 1035 bonis

171 1054 337 1112 otiosorum.
379 1053 477 1112 Habes
494 1054 545 1113 ubi
561 1061 686 1111 ostentes
703 1053 780 1111 illam
794 1061 874 1112 tuam
887 1057 1010 1132 praecla-

170 1153 231 1190 ram
255 1134 423 1210 patientiam
447 1135 542 1205 famis,
556 1134 681 1211 frigoris,
696 1134 810 1210 inopiae
834 1153 928 1192 rerum
949 1155 1009 1193 om-

170 1214 260 1286 nium,
273 1213 376 1289 quibus
393 1221 423 1271 te
440 1213 520 1271 brevi
536 1220 666 1288 tempore
687 1214 849 1272 coniectum
867 1233 927 1272 esse
948 1233 1009 1273 sen-

170 1293 231 1352 ties.
275 1293 322 1352 27.
337 1293 462 1350 Tantum
481 1293 600 1370 profeci,
612 1312 678 1350 cum
697 1299 726 1350 te
744 1313 761 1350 a
779 1293 927 1353 consulatu
947 1314 1008 1372 rep·

167 1373 239 1450 puli,
254 1379 288 1430 ut
308 1373 386 1430 exsul
407 1373 504 1450 potius
523 1378 664 1450 temptare
685 1391 771 1450 quam
787 1373 886 1430 consul
906 1393 1008 1432 vexare

170 1473 230 1511 rem
250 1452 395 1530 publicam
415 1471 521 1530 posses,
536 1458 672 1529 atqueut
691 1451 729 1524 id,
746 1453 824 1530 quod
844 1459 887 1510 111
907 1454 958 1511 abs
978 1462 1007 1513 te

170 1533 302 1590 scelerate
317 1539 488 1610 susceptum,
499 1532 680 1590 latrocinium
691 1533 788 1609 potius
802 1549 888 1610 quam
899 1531 1007 1592 bellum

169 1613 371 1670 nominaretur.

208 1691 261 1750 XI.
284 1691 377 1763 Nunc,
394 1697 428 1749 ut
448 1711 465 1748 a
484 1711 539 1764 me,
557 1698 652 1769 patres
674 1692 836 1769 conscripti,
852 1693 1007 1770 quamdam
1066 1693 1067 1696 ’

152 1759 258 1849 ¹prope
278 1772 382 1829 iustam
403 1772 512 1848 patriae
534 1772 741 1848 querimoniam
762 1773 887 1830 detester
906 1792 938 1830 ac
959 1774 1007 1831 de-

168 1871 273 1929 precer,
284 1851 431 1928 percipite,
443 1869 557 1928 quaeso,
569 1850 721 1930 diligenter
734 1871 806 1929 quae
820 1851 912 1910 dicam
930 1861 960 1911 et
973 1873 1007 1912 ea

168 1932 282 2008 penitus
291 1931 394 1988 animis
402 1930 710 2008 vestrismentibusque
719 1932 860 1990 mandate.
889 1933 1006 1991 Etenim

167 2011 315 2068 simaeum
326 2011 426 2087 patria,
437 2029 508 2088 quae
518 2009 591 2066 mihi
601 2010 661 2067 vita
674 2029 738 2068 mea
748 2011 840 2070 multo
852 2020 895 2070 est
906 2014 1004 2086 carior,

168 2091 192 2146 si
209 2098 311 2158 cuncta
327 2090 417 2162 Italia,
431 2092 455 2148 si
472 2090 566 2147 omnis
582 2109 626 2147 res
642 2089 757 2168 publica
774 2085 840 2170 [sic]
850 2092 1004 2170 loquatur:

168 2169 224 2227 ιΜ.
236 2170 320 2242 Tulli,
334 2169 403 2247 quid
416 2171 495 2248 agisl
535 2167 616 2228 Tune
631 2187 705 2242 eum,
718 2190 803 2248 quem
818 2191 878 2230 esse
891 2171 1004 2231 hostem

99 2282 102 2288 .
167 2251 339 2325 comperisti,
354 2269 440 2327 quem
460 2251 562 2308 ducem
580 2250 648 2318 belli
666 2251 796 2308 futurum
815 2251 902 2324 vides,
919 2268 1004 2329 quem

166 2329 323 2406 exspectari
346 2331 548 2406 imperatorem
574 2330 605 2387 in
630 2331 728 2387 castris
754 2329 881 2388 hostium
906 2333 1002 2404 sentis,

167 2415 310 2466 auctorem
332 2409 450 2481 sceleris,
469 2408 627 2486 principem
649 2409 861 2482 coniurationis,
877 2420 1005 2470 evocato·

166 2507 226 2544 rem
240 2507 384 2546 servorum
399 2496 428 2546 et
442 2489 548 2546 civium
554 2489 747 2566 perditorum,
758 2490 833 2548 exire
847 2491 962 2568 patiere,
971 2499 1004 2550 ut

165 2566 216 2624 abs
232 2573 261 2626 11
277 2586 337 2624 non
354 2569 473 2626 emissus
489 2587 524 2626 ex
540 2568 618 2641 urbe,
630 2569 680 2626 sed
696 2569 841 2628 immissus
856 2571 887 2628 in
903 2571 1003 2630 urbem

165 2665 225 2704 esse
239 2645 386 2704 videatur'l
427 2647 531 2706 Nonne
545 2648 621 2706 hunc
634 2649 665 2706 in
679 2649 791 2707 vincula
804 2650 878 2722 duci,
890 2670 949 2708 non
966 2651 1003 2709 ad

164 2733 287 2784 mortem
304 2727 373 2802 rapi,
386 2745 445 2784 non
462 2747 575 2784 summo
592 2727 732 2806 supplicio
748 2727 867 2787 mactari
883 2731 1004 2808 impera·

164 2804 227 2863 bisi
268 2811 314 2863 28.
338 2804 415 2874 Quid
431 2807 549 2864 taudem
565 2810 595 2866 11
613 2807 754 2885 impediti
794 2809 894 2868 Mosne
915 2810 1003 2868 maio-

164 2887 247 2943 ruml
286 2884 329 2942 At
344 2903 479 2962 persaepe
498 2887 584 2944 etiam
601 2889 705 2964 privati
721 2889 751 2945 111
768 2887 821 2947 hac
839 2909 870 2947 re
887 2890 1004 2967 publica

164 2966 339 3042 perniciosos
352 2965 428 3023 cives
437 2971 530 3024 morte
540 2967 740 3026 multaverunt.
775 2968 824 3026 An
835 2969 919 3046 leges,
930 2987 1003 3047 quae

164 3045 200 3102 de
213 3045 320 3103 civium
334 3045 530 3104 Romanorum
547 3047 687 3124 supplicio
704 3055 820 3125 rogatae
835 3050 920 3106 1111111
959 3049 1003 3107 At

163 3143 321 3202 numquam
339 3126 370 3182 111
388 3125 442 3183 hac
462 3125 532 3184 urbe
553 3127 603 3204 qui
621 3146 638 3183 a
655 3146 685 3184 re
703 3128 818 3204 publica
836 3129 1002 3186 defecerunt

162 3204 270 3262 civium
296 3205 358 3262 iura
383 3212 544 3264 tenuerunt
593 3205 642 3264 An
665 3205 803 3266 invidiam
826 3208 1002 3283 posteritatis
