2262 3418
446 147 720 201 ARGUMENTUM:
862 198 864 201 .
955 154 1011 202 las·

162 247 204 308 dio
212 246 297 296 'scribe
307 261 397 310 corpus
404 246 436 296 P.
444 246 526 296 Clodii
536 246 562 294 in
572 247 665 296 curiam
674 247 758 297 intulit
766 249 934 314 cremavitqus
945 254 1004 301 sub-

162 313 238 362 selliis
246 319 272 360 et
281 312 444 360 tribunalibus
455 321 480 361 et
489 312 581 360 mensis
593 321 618 361 et
627 313 753 362 codicibus
761 314 934 364 librariorum:
953 327 1003 380 qno

162 379 221 439 igne
234 385 259 425 et
275 377 329 439 ipsa
345 392 442 440 quoque
455 377 524 428 curia
540 377 654 438 flagravit
669 388 695 427 et
709 379 770 428 item
782 380 874 429 Porcia
890 382 1001 443 basilica,

163 457 227 506 quae
237 452 292 491 erat
303 443 326 490 ei
338 443 431 503 iuncta,
442 443 557 492 aurbusta
568 451 613 492 est.
647 444 744 493 Domus
755 460 855 508 quoque
866 446 903 497 M.
914 447 1003 510 Lepidi

162 507 347 567 interregis-is
360 509 426 556 enim
440 508 601 568 magistratus
618 509 710 558 curulis
723 520 778 558 erat
790 520 947 561 creatus—et
959 513 1003 561 ab·

164 572 242 624 sentis
259 572 362 621 Milonis
379 573 468 622 eadem
484 573 528 622 illa
545 573 668 622 Clodiana
687 575 822 624 multitudo
841 579 1001 640 oppugnavit,

163 637 254 689 deinde
269 637 367 698 sagittis
380 638 477 701 repulsa
493 646 539 687 ast.
576 640 643 688 'l'um
659 640 738 689 fasces
754 655 788 689 ex
804 641 860 690 luco
877 643 1003 692 Libitinae

163 713 249 767 raptos
266 703 351 751 attulit
368 704 399 751 ad
418 703 520 752 domum
540 704 664 768 Scipionis
682 715 708 755 et
729 707 847 770 Hypsaei,
863 707 952 757 deinde
970 708 1003 758 ad

134 809 137 816 .
163 769 249 886 lpprtos
266 769 313 818 Cn.
326 768 448 831 Pompeii,
463 769 594 820 churitaus
611 785 669 820 eum
685 772 761 822 modo
777 773 913 835 consulem,
927 773 1003 823 modo

182 835 319 884 'ctamrem

196 899 345 949 Incendium
358 899 441 948 curiae
457 899 578 948 maiorem
591 901 720 966 eliquanto
733 902 930 964 indignationem
944 903 1003 952 ciri·

164 965 223 1015 tatis
239 974 351 1014 moverat
367 979 443 1028 quam
460 965 599 1016 interfectio
613 967 703 1018 Clodii.
741 969 830 1032 ltaque
844 969 917 1030 Milo,
929 984 1003 1032 quem

163 1029 248 1094 opinio
263 1030 346 1079 fuerat
360 1031 435 1080 ivisse
450 1031 658 1081 involuntarium
674 1033 799 1094 exsilium,
809 1034 903 1083 invidia
919 1035 1004 1083 adver·

164 1097 284 1148 sariorum
301 1106 425 1146 recreatus
441 1105 516 1146 nocte
533 1113 564 1148 ea
582 1098 689 1147 redierat
706 1100 821 1158 Romam,
836 1115 886 1162 qua
901 1100 1004 1150 incensa

163 1171 218 1212 erat
237 1161 314 1221 curia,
330 1162 480 1226 petebatque
499 1163 578 1212 nihilo
595 1162 704 1212 deterius
722 1164 894 1214 consulatumt
920 1175 1004 1227 aperte

163 1241 264 1291 quoque
277 1227 391 1276 tributim
403 1228 429 1276 in
446 1228 556 1289 singulos
570 1228 638 1276 milia
650 1229 742 1292 assium
756 1229 866 1279 dederat.
902 1231 1004 1280 Contio-

164 1307 222 1344 nem
235 1293 258 1342 ei
272 1301 328 1356 post
341 1293 436 1356 aliquot
449 1293 502 1342 dies
516 1294 585 1344 dedit
599 1294 634 1342 M.
646 1294 745 1358 Caelius
758 1295 872 1346 tribunus
885 1294 1004 1358 piatque

163 1358 217 1421 ipse
228 1358 305 1408 etium
316 1373 415 1408 causam
430 1359 483 1408 eius
496 1359 548 1420 egit
558 1358 591 1408 ad
602 1358 728 1422 populum.
762 1359 889 1410 Dicebant
901 1369 1004 1424 uterque

163 1423 254 1474 Miloni
266 1439 282 1472 a
293 1424 383 1474 Clodio
395 1425 472 1474 fasma
483 1439 537 1473 esse
547 1425 658 1473 insidias.

197 1489 304 1540 Fiebaut
316 1490 412 1540 interea
424 1490 467 1538 alii
477 1505 509 1538 ex
523 1489 579 1539 aliis
592 1491 735 1550 interreges,
747 1489 789 1552 qui
800 1491 903 1539 comitia
915 1505 1004 1542 consu-

164 1554 227 1604 laria
239 1564 341 1618 propter
353 1570 439 1604 sorum
452 1555 642 1605 candidatorum
653 1551 774 1604 tumultus
787 1567 813 1604 et
824 1557 938 1605 eamdem
951 1571 1004 1604 ma-

165 1633 226 1675 num
242 1621 366 1670 armatam
379 1621 471 1670 habere
487 1636 537 1670 non
550 1630 674 1682 poterant.
710 1621 798 1684 ltaque
815 1622 894 1683 primo
911 1621 1004 1670 factum

165 1695 219 1737 erat
232 1687 257 1738 S.
268 1687 309 1747 C.,
320 1695 348 1734 ut
361 1686 472 1736 interrex
484 1695 510 1736 et
520 1686 614 1734 tribuni
625 1685 703 1748 plebis
714 1695 740 1734 et
750 1687 797 1734 Cn.
807 1687 951 1750 Pompeius,
962 1687 1005 1750 qui

165 1767 211 1815 pro
224 1751 327 1802 consule
343 1751 376 1800 ad
390 1752 477 1800 urbem
490 1760 552 1811 eret,
563 1751 677 1801 viderent
690 1766 721 1800 ns
734 1752 793 1814 quid
807 1752 951 1802 detrimenti
965 1767 1004 1801 res

165 1817 265 1880 publica
274 1826 382 1880 caperet,
392 1818 497 1866 dilectus
508 1826 593 1866 autem
604 1818 738 1879 Pompeius
746 1826 800 1866 tota
807 1817 884 1866 Italia
891 1817 1003 1867 haberet.

164 1883 215 1944 ‚Qui
229 1897 286 1931 cum
299 1897 399 1932 summa
409 1881 536 1932 celeritate
548 1882 699 1944 praesidium
709 1892 885 1946 comparasset,
894 1883 1006 1946 postula·

77 2000 80 2003 ,
165 1955 254 1997 verunt
265 1947 330 2010 apud
341 1962 399 1996 euru
410 1947 531 1996 familiam
543 1947 654 2007 Milonis,
665 1947 725 1996 item
736 1948 844 1996 Faustae
855 1949 941 1996 uxoris
951 1949 1004 2000 eius

165 2013 334 2064 exhibendam
343 2014 393 2061 duo
402 2012 587 2072 adolescentuli,
595 2012 722 2075 quiAppii
731 2013 831 2062 Claudii
840 2014 914 2061 ambo
922 2013 1005 2075 appel-

165 2079 287 2133 labantur.
296 2079 339 2142 qui
352 2087 424 2128 erant
435 2077 464 2128 C.
475 2078 573 2130 Claudii
585 2078 637 2136 lilii,
649 2077 692 2140 qui
703 2077 779 2125 frater
789 2077 870 2126 inierat
881 2078 969 2137 Clodii,
980 2088 1005 2127 ct

165 2145 198 2194 ob
214 2143 241 2192 id
254 2143 290 2192 illi
303 2144 385 2207 patrui
398 2143 440 2192 sui
454 2151 568 2201 mortem,
579 2143 646 2191 velut
662 2152 762 2191 auctore
778 2143 862 2202 fratre,
874 2157 1005 2205 perseque-

166 2209 264 2259 bantur.
301 2209 410 2258 Hasdem
421 2210 531 2257 Faustae
543 2217 569 2257 et
580 2208 683 2256 Milonis
696 2207 803 2256 familias
816 2208 1005 2268 postulaverunt

166 2275 217 2324 duo
227 2275 330 2335 Valerii,
340 2275 424 2336 Nepos
437 2283 462 2322 et
473 2275 534 2334 Leo,
545 2284 570 2323 et
581 2274 611 2323 L.
621 2273 761 2322 Herennius
773 2272 875 2322 Balbus.
907 2274 937 2322 P.
948 2272 1006 2322 Clo·

167 2340 203 2391 dii
217 2355 317 2403 quoque
329 2340 450 2389 familiam
464 2348 489 2390 et
503 2339 624 2388 comitum
635 2338 689 2387 eius
698 2337 832 2399 postulavit
843 2338 931 2386 eodem
942 2346 1005 2386 tem-

164 2420 226 2469 pore
242 2405 357 2455 Caelius:
378 2403 500 2454 familiam
518 2404 628 2468 Hypsaei
645 2413 671 2452 st
687 2403 718 2462 Q.
732 2402 844 2464 Pompeii
861 2403 1002 2466 postulmit.

167 2506 174 2521 .
189 2507 196 2522 .
212 2471 376 2522 .Adluerunt
389 2469 479 2519 Miloni
491 2470 523 2530 Q,
535 2469 689 2529 Hortensius,
699 2468 736 2516 M.
746 2468 842 2528 Cicero,
853 2468 889 2518 M.
899 2467 1006 2516 Marcel-

165 2535 218 2596 lus,
228 2536 264 2586 M.
273 2535 392 2595 Calidius,
407 2536 445 2585 M.
456 2535 528 2595 Cato,
543 2536 651 2586 Faustus
668 2533 744 2583 Sulla.
781 2533 866 2582 Verba
879 2549 959 2597 pauca
971 2534 1003 2593 Q.

166 2601 317 2652 Hortensius
328 2601 407 2650 dixit:
426 2596 516 2650 liberos
529 2615 584 2650 esse
594 2615 645 2660 eos,
655 2600 697 2662 qui
709 2614 754 2663 pro
764 2600 841 2648 servis
853 2599 1006 2662 postularen-

167 2675 223 2716 tnr:
242 2681 302 2718 nam
313 2676 369 2730 post
380 2677 507 2716 recentem
519 2665 621 2716 caedem
633 2680 710 2714 manu
721 2665 823 2714 miserat
833 2678 876 2713 eos
886 2664 949 2713 Milo
960 2665 1006 2712 sub

167 2730 221 2781 boc¹
231 2731 313 2793 titulo,
327 2731 393 2795 quod
409 2739 484 2794 caput
500 2746 573 2780 suum
591 2730 636 2780 ulti
653 2739 744 2780 essent.
782 2730 851 2779 Haeo
870 2730 1007 2790 agebantur

167 2811 253 2846 mense
269 2796 418 2847 intercalari.
454 2797 518 2844 Post
534 2796 602 2846 diem
618 2796 773 2857 trigesimum
790 2795 850 2855 fere,
861 2809 937 2858 quam
953 2802 1007 2844 erat

168 2862 270 2912 Clodius
281 2862 384 2921 occiana,
394 2862 426 2922 Q,
436 2861 552 2911 Metellus
565 2861 649 2923 Scipio
659 2862 685 2909 in
699 2870 786 2909 senatu
798 2869 885 2908 contra
896 2860 933 2908 M.
944 2858 1007 2907 Cae·

164 2927 265 2990 pionem
283 2937 432 2990 conquestus
451 2935 496 2987 est,
511 2941 541 2974 ac
561 2927 593 2975 de
609 2926 686 2975 caede
702 2926 733 2974 P.
746 2925 827 2975 Clodii
844 2923 934 2972 falsum
953 2938 1007 2972 esse

168 2992 240 3052 dixit,
251 2991 319 3056 quod
331 2992 394 3040 Milo
408 2993 442 3040 sic
454 3007 480 3040 se
494 2991 654 3040 defenderet.
667 3028 674 3040 .
687 3028 693 3040 .
705 2988 824 3040 Clodium
834 2989 951 3038 Aricinos
965 2988 1007 3036 de-

168 3059 281 3106 curiones
294 3057 444 3120 adloquendi
458 3057 540 3117 grntia
552 3056 641 3116 abisse,
653 3056 790 3120 proiectum
804 3068 861 3102 cum
875 3068 919 3101 sex
931 3068 961 3101 ac
971 3053 1007 3101 vi-

165 3124 231 3184 giuti
239 3122 326 3171 servis:
341 3121 461 3170 Milonem
470 3121 707 3183 subitopostboram
716 3129 829 3183 quartam
838 3127 925 3166 senatu
934 3119 1007 3166 misso

164 3202 227 3239 snm
238 3187 314 3240 serris
324 3186 430 3252 amplius
443 3186 560 3237 uerenda
569 3186 674 3249 armatis
685 3186 718 3235 ub
728 3185 795 3236 viam
806 3183 830 3234 ei
841 3182 1006 3244 contendisse,
