2262 3412
141 139 174 188 80
336 136 407 188 PRO
419 136 455 186 ¹Ia.
466 135 622 188 Muenna
638 135 779 187 ORATIO.

142 245 168 300 4.
184 239 229 299 Ac
246 240 278 313 si,
290 246 323 299 nt
338 259 397 298 non
418 240 503 298 nullis
523 240 554 297 in
575 239 738 298 civitatibus
754 238 814 297 fieri
835 239 915 313 solet,
930 261 979 319 pa·

141 327 241 378 tronus
256 319 324 377 huic
341 321 440 378 caus'ae
456 319 569 397 publice
586 319 813 392 constitueretur,
825 319 850 376 is
865 321 979 396 potissi·

32 467 37 478 ι
140 418 221 457 mum
238 418 351 457 summo
371 398 480 456 honore
501 399 615 457 adfecto
636 398 770 456 defensor
790 399 912 470 daretur,
928 400 978 476 qui

141 478 243 537 eodem
263 478 372 536 honore
388 478 534 571 praeditus
549 497 608 536 non
624 478 720 535 minus
740 478 865 536 adferret
883 479 920 536 ad
937 478 979 537 di·

140 556 263 616 cendum
278 558 455 616 auctoritat1s
469 577 554 636 quam
566 557 717 616 facultatis,
753 556 874 626 Quod
853 577 876 614 s1
890 564 977 634 portu

141 637 347 695 solventibus”
329 658 358 710 n,
369 637 453 722 qui
432 637 488 696 iam
503 638 533 695 in
543 643 660 714 portum
674 656 709 695 ex
722 637 780 695 alto
794 636 975 710 invehuntur,

139 717 301 795 praecipere
318 737 431 774 summo
443 702 544 774 studio
561 717 654 774 solent
669 724 699 775 et
715 722 919 793 tempestatum
936 737 978 775 ra-

139 796 249 854 tionem
264 803 292 854 et
302 797 485 888 praedonum
493 803 523 854 et
532 795 660 854 locorum
661 796 758 873 ,quod
768 794 872 854 natura'
883 795 977 854 adfert

139 883 173 933 ut
187 876 227 934 eis
240 876 387 933 faveamus
388 895 458 952 ,qm
449 875 571 933 'eadem
584 875 717 952 pericula,
730 875 834 952 quibus
849 895 903 933 nos
916 895 977 968 per·

139 955 234 1013 functi
254 974 360 1026 sumus,
375 954 578 1032 ingrediantur,
594 973 652 1032 quo
672 955 789 1012 tandem
811 974 858 1013 me
879 956 976 1014 animo

139 1054 199 1092 esse
216 1041 331 1111 oportet
346 1053 437 1112 prope
453 1035 511 1092 iam
531 1053 566 1092 ex
582 1053 687 1112 magna
702 1034 855 1092 iactatione
871 1041 975 1092 terram

138 1113 313 1172 videntem'
304 1133 335 1171 ιιι
355 1113 440 1186 hunc,
456 1114 502 1172 cui
522 1113 606 1171 video
627 1113 765 1171 maximas
785 1113 827 1171 rei
846 1113 976 1191 publicae

139 1199 324 1271 tempestates
347 1213 407 1252 esse
431 1192 613 1252 subeundasl
660 1192 724 1262 Qua
747 1213 777 1251 re
799 1194 824 1250 si
844 1200 887 1251 est
906 1192 976 1252 boni

138 1273 263 1331 consulis
276 1293 336 1331 non
352 1273 445 1330 solum
459 1273 554 1331 videre
569 1272 639 1350 quid
655 1279 764 1351 agatur,
774 1292 872 1330 verum
889 1273 976 1330 ctiam

138 1352 287 1430 providere
318 1352 388 1431 quid
414 1353 546 1410 futurum
576 1352 622 1424 sit,
651 1353 800 1410 ostendam
827 1352 884 1409 alio
911 1351 976 1410 loco

139 1440 278 1509 quantum
289 1431 394 1490 'salutis
410 1432 571 1490 communis
587 1432 699 1490 intersit
713 1432 786 1490 duos
802 1431 932 1489 consules
945 1433 976 1488 in

138 1531 168 1569 rc
188 1511 304 1589 publica
321 1510 460 1569 Kalendis
478 1511 617 1569 Ianuariis
637 1526 704 1570 esse.
748 1517 774 1568 5.
790 1509 876 1579 Quod
895 1511 920 1568 si
935 1511 977 1569 ita

138 1598 190 1662 est,
205 1610 264 1648 non
280 1597 341 1659 tam
359 1609 407 1648 mc
427 1590 554 1649 officium
572 1591 672 1649 debuit
691 1590 728 1648 ad
745 1590 872 1649 hominis
891 1591 976 1649 amici

137 1671 269 1728 fortunas
283 1689 369 1748 quam
386 1689 430 1728 res
446 1669 561 1747 publica
577 1671 723 1728 consulem
739 1671 776 1728 ad
792 1689 976 1728 communem

138 1750 259 1808 salutem
283 1749 494 1808 defendendam
515 1768 623 1808 vocare.
665 1749 718 1808 ΙΠ.
739 1748 815 1806 Nam
837 1748 916 1827 quod
939 1750 977 1808 le

88 1833 92 1840 '
137 1849 203 1907 gem
228 1829 265 1888 de
289 1829 400 1888 ambitu
420 1828 483 1902 tuli,
501 1836 577 1887 certe
600 1829 642 1887 ita
664 1829 727 1901 tuli,
742 1835 776 1888 ut
802 1848 873 1902 eam,
889 1848 976 1907 quam

136 1909 271 1967 mihimet
291 1909 347 1986 ipsi
371 1909 429 1967 iam
448 1909 561 1987 pridem
582 1909 697 1966 tulerim
717 1909 753 1966 de
777 1908 883 1966 civium
904 1910 977 1987 peri-

137 1989 208 2048 culis
229 1988 427 2062 defendendis,
444 2008 503 2046 non
527 1988 697 2066 abrogarim.
739 1987 855 2047 Etenim
880 1989 905 2047 si
924 1989 977 2047 lar-

136 2069 277 2146 gitionem
296 2070 403 2128 factam
423 2088 483 2127 esse
502 2066 652 2142 confiterer
667 2068 754 2146 idqne
772 2075 849 2126 recte
865 2069 975 2128 factum

136 2169 197 2207 esse
221 2149 414 2222 defenderem,
435 2149 564 2219 facerem¹
581 2146 721 2225 improbe,
743 2148 830 2206 etiam
856 2149 880 2207 si
904 2149 976 2207 alius
1081 2161 1083 2164 ’

135 2229 229 2307 legem
256 2229 387 2288 tulisset:
415 2248 482 2287 oum
509 2248 576 2286 vero
604 2228 676 2286 nihil
700 2229 886 2287 commissum
911 2248 977 2286 con-

135 2315 181 2367 tra
199 2309 294 2387 legem
312 2329 372 2368 esse
392 2308 554 2380 defendam,
567 2307 638 2385 quid
658 2315 701 2367 est
720 2309 799 2386 quod
819 2328 912 2367 meam
930 2308 977 2366 dc-

135 2388 297 2447 sensionem
311 2389 380 2453 latic
395 2389 467 2467 legis
480 2388 639 2466 impediat?
679 2395 705 2447 6.
721 2388 817 2465 Negat
831 2407 891 2446 esse
905 2388 977 2447 eius-

24 2503 29 2508 -
136 2468 202 2526 dem
219 2469 377 2527 severitatis
390 2469 546 2527 Catilinam
562 2469 683 2526 exitium
699 2468 740 2525 rei
756 2468 887 2560 publicae
901 2469 978 2526 intra

135 2548 251 2605 moenia
266 2549 432 2607 molientem
449 2547 543 2606 verbis
560 2555 589 2606 et
605 2567 695 2624 paene
711 2547 833 2625 imperio
847 2547 917 2606 urbe
931 2567 977 2605 ex·

135 2626 241 2705 pulissa
262 2634 291 2685 et
307 2647 383 2685 nunc
399 2647 452 2706 pro
470 2627 500 2686 L.
511 2627 630 2685 Murena
650 2627 752 2685 dicere.
794 2626 858 2704 Ego
879 2633 975 2684 autem

135 2705 187 2764 has
203 2714 298 2785 partes
310 2707 437 2766 lenitatis
454 2713 483 2766 et
496 2705 728 2764 misericordiae
709 2725 798 2784 ,quas
814 2711 976 2764 manatura

135 2785 198 2863 ipsa
211 2786 310 2845 docuit
311 2807 443 2865 ,semper
456 2806 503 2864 egr
493 2786 645 2858 libenter,
655 2785 732 2844 illam
746 2805 814 2844 vero
827 2785 976 2862 gravitatis

135 2866 348 2944 severitatisque
361 2885 513 2944 personam
526 2885 586 2924 non
600 2866 735 2958 appetivi,
747 2864 798 2923 aad
811 2865 847 2923 ab
861 2885 891 2923 re
884 2864 977 2958 Νιιι)-

134 2943 190 3002 lica
202 2945 276 3003 mihi
289 2945 455 3022 impositam
470 2945 600 3017 sustinui,
611 2947 684 3003 sicut
694 2945 798 3002 huius'
790 2944 904 3023 imperi1
895 2945 977 3020 dig-

60 3037 65 3049 '
135 3024 238 3080 nitas'
230 3042 262 3080 m
281 3042 394 3080 summo
410 3023 550 3116 periculo·
558 3025 664 3082 civium
680 3023 850 3101 postulabat.
890 3023 976 3092 Quod

136 3102 161 3158 si
174 3109 246 3171 tum,
258 3121 324 3160 cum
338 3121 382 3160 res
395 3101 550 3179 publiea
524 3119 594 3159 vim·
600 3110 629 3160 et
643 3103 821 3160 severitatem
836 3100 976 3159 desidera·

135 3179 228 3253 bat,'
203 3180 258 3238 vrci
268 3186 399 3239 naturam
413 3187 443 3240 et
453 3188 514 3239 tam
525 3181 677 3240 vehemens
689 3180 735 3238 fui
746 3199 832 3258 quam
842 3178 974 3257 cogebar,
