2262 3418
396 131 720 196 cur.1r.·-1v.,§s-s.v
926 136 970 184 121

133 243 213 314 patre
227 242 256 294 et
269 235 337 305 filio,
349 255 366 292 a
379 235 410 293 L.
423 234 525 293 Crasso
543 234 696 307 colebatur,
709 235 843 294 Lucullos
860 254 927 293 vero
944 242 971 294 et

132 315 260 374 Drusum
275 322 304 372 et
313 315 448 374 Octavios
463 321 492 372 et
502 314 643 372 Catonem
657 320 791 372 ettotam
803 315 970 374 Hortensio-

132 415 196 452 rum
217 395 336 452 domum
356 394 518 452 devinctam
539 394 745 453 consuetudine
766 414 832 452 cum
854 401 970 467 teneret,

133 473 317 531 adficiebatur
341 492 453 530 summo
474 473 590 545 honore,
610 474 688 551 quod
708 493 774 532 eum
794 494 853 532 non
879 475 970 534 solum

25 555 29 562 '
133 553 265 611 colebant
286 553 335 630 qui
356 552 464 630 aliquid
484 553 629 630 percipere
653 560 739 630 atque
759 554 857 612 audire
878 555 971 614 stude

132 632 211 704 bant,
223 651 322 690 verum
336 633 421 690 etiam
436 633 460 690 si
475 633 524 710 qui
538 634 614 690 forte
629 633 809 691 simulabant.
852 633 903 693 IV.
925 635 970 692 In-

133 713 217 770 terim
237 712 305 768 satis
323 713 411 790 longo
432 711 588 784 intervallo,
604 732 670 770 cum
689 718 763 771 esset
782 733 847 770 oum
866 713 904 770 M.
917 713 970 771 Lu-

133 791 207 849 cullo
224 791 255 848 iu
272 791 398 850 Siciliam
414 793 561 870 profectus
582 799 611 850 ct
631 813 697 850 cum
717 813 751 851 ex
772 812 806 850 ea
825 793 971 870 provincia

132 891 198 928 cum
229 871 330 929 eodem
358 871 476 930 Lucullo
504 872 661 945 decederet,
683 873 763 931 venit
789 872 968 930 Heracliam:

132 971 204 1028 quae
225 971 290 1008 cum
311 959 384 1009 esset
405 952 505 1009 civitas
525 953 697 1029 aequissimo
716 953 777 1010 iure
796 972 828 1010 ac
844 952 968 1024 foedere,

132 1031 233 1088 ascribi
254 1049 284 1087 se
304 1031 334 1102 in
356 1050 419 1088 eam
440 1031 585 1088 civitatem
602 1032 701 1101 voluit,
715 1032 811 1109 idque,
826 1051 892 1090 cum
908 1033 969 1109 ipse

131 1128 184 1186 per
207 1119 237 1167 se
257 1109 362 1186 dignus
382 1115 538 1187 putaretur,
556 1117 619 1167 tum
640 1111 808 1168 auctoritate
829 1119 858 1169 et
878 1113 971 1188 gratia

133 1187 243 1244 Luculli
264 1187 299 1244 ab
315 1188 548 1246 Heracliensibus
567 1189 739 1266 impetrarit.
783 1189 808 1247 7.
830 1190 908 1247 Data
928 1198 970 1247 est

132 1267 232 1324 civitas
249 1265 356 1324 Silvani
373 1266 436 1344 lege
455 1275 484 1325 et
500 1267 648 1339 Carbonis,
665 1287 692 1325 sr
712 1287 764 1332 eur
783 1287 970 1326 resurremus

133 1365 320 1404 crvrrarrnus
342 1365 479 1405 ascarrm
499 1366 658 1405 rmssmrr:
687 1366 714 1404 sr
735 1367 805 1418 run,
824 1367 887 1405 eun
911 1367 970 1404 unx

132 1426 493 1497 rnnnnarma,rulrun1u
515 1445 698 1506 nonrcrnrun
723 1445 910 1485 aarurssnnr
934 1438 970 1484 ur

132 1526 159 1564 s1
174 1525 346 1564 saxaorura
361 1525 470 1564 nrnnus
484 1526 564 1565 arun
579 1525 761 1564 Pnanronnn
775 1526 886 1564 rssnur
901 1526 971 1565 rno-

131 1605 222 1644 rnssr.
266 1586 341 1644 (lum
355 1586 402 1647 hic
417 1586 595 1645 domicilium
609 1587 718 1644 Romae
731 1586 838 1644 multos
852 1587 910 1644 iam
923 1607 971 1644 an·

131 1686 185 1724 nos
204 1665 331 1738 haberet,
349 1668 495 1745 professus
517 1673 561 1724 est
584 1667 662 1744 apud
681 1673 841 1744 praetorem
862 1665 896 1735 Q,
913 1666 971 1724 Me-
1021 1697 1023 1702 ·

131 1745 231 1805 tellum
245 1746 500 1804 familiarissimum
515 1764 606 1804 suum.
646 1751 671 1804 8,
691 1745 722 1804 si
736 1746 808 1804 nihil
822 1746 901 1803 aliud
914 1747 970 1804 nisi

131 1827 167 1884 de
182 1827 297 1885 civitate
311 1846 343 1884 ac
357 1826 421 1902 lege
435 1826 565 1897 dicimus,
578 1825 650 1883 nihil
664 1825 729 1884 dieo
744 1827 874 1906 amplius,
887 1845 971 1883 causa

131 1906 209 1964 dieta
233 1913 283 1965 est.
326 1905 404 1974 Quid
426 1905 500 1963 enim
526 1905 629 1962 horum
653 1904 799 1976 infirmari,
813 1905 903 1976 Grati,
921 1925 971 1982 po·

131 1987 206 2044 testi
256 1984 442 2043 Heracliaene
472 2003 533 2042 csse
562 1991 625 2042 tum
652 1985 808 2061 ascriptum
835 1985 970 2061 negabis?

131 2064 225 2123 Adest
237 2065 282 2121 vir
298 2084 410 2122 summa
425 2065 594 2122 auctoritate
612 2071 641 2122 et
657 2065 794 2141 religione
805 2072 840 2122 et
853 2063 918 2134 fide,
930 2064 968 2122 M.

131 2144 274 2216 Lucullus,
289 2145 340 2222 qui
356 2163 385 2202 se
402 2163 461 2202 non
478 2144 597 2221 opinari,
613 2143 663 2201 sed
680 2145 759 2215 scire,
774 2163 833 2202 non
849 2143 969 2214 audisse,
1003 2181 1010 2194 ·

132 2225 186 2283 sed
196 2224 309 2295 vidisse,
319 2243 378 2281 non
392 2224 565 2295 interfuisse,
575 2223 626 2282 sed
640 2223 730 2301 egisse
741 2223 819 2281 dicit.
854 2222 971 2280 Adsunt

131 2304 329 2364 Heraclienses
339 2304 435 2381 legati,
445 2303 616 2361 nobilissimi
626 2302 766 2374 homiues,
775 2303 862 2361 huius
872 2302 971 2360 iudicii

131 2404 216 2442 causa
229 2397 294 2442 cum
305 2383 449 2442 mandatis
463 2390 493 2441 et
506 2402 572 2440 eum
582 2382 699 2460 publico
713 2383 879 2440 testimonio
890 2401 972 2440 vene

79 2508 81 2514 .
131 2464 266 2541 runt‚qui
280 2463 357 2521 hunc
371 2463 527 2540 ascriptum
542 2461 755 2520 Heracliensem
769 2462 877 2519 dicunt.
913 2461 971 2519 Hic

131 2550 165 2600 tu
189 2543 300 2601 tabulas
324 2543 466 2600 desideras
490 2540 717 2600 Heracliensium
742 2541 878 2618 publicas,
902 2559 972 2618 quas

131 2622 234 2681 Italico
250 2621 326 2680 bello
342 2623 459 2680 incenso
476 2621 617 2680 tabulario
637 2621 767 2678 interisse
783 2620 893 2678 scimus
913 2639 972 2677 om-

111 2721 189 2765 nes.
232 2701 285 2759 Est
304 2701 457 2760 ridiculum
478 2701 515 2758 ad
532 2721 572 2773 ea,
589 2720 661 2778 quae
679 2700 826 2772 habemus,
840 2699 913 2757 nihil
931 2699 972 2757 di·

131 2800 202 2853 cere,
215 2799 348 2859 quaerere
365 2800 437 2858 quae
453 2781 557 2839 habere
573 2799 631 2838 nou
649 2799 809 2858 possumus,
825 2786 854 2837 et
870 2779 906 2836 de
921 2778 972 2835 ho·

131 2861 244 2918 minum
260 2861 400 2918 memoria
418 2867 519 2932 tacere,
529 2861 690 2918 litterarum
708 2859 877 2916 memoriam
894 2856 972 2932 flagi-

131 2947 200 3012 tare,
213 2947 249 3012 et,
262 2959 327 2998 cum
341 2939 446 2997 habeas
463 2938 632 3017 amplissimi
645 2939 699 2996 viri
713 2937 889 3014 religionem,
900 2936 972 2992 inte

131 3021 249 3098 gerrim'i
268 3019 419 3097 municipii
440 3019 484 3076 ius
504 3018 656 3076 iurandum
677 3017 828 3092 fidemque,
844 3033 884 3084 ea,
900 3032 972 3089 quae

132 3100 280 3178 depravari
304 3099 384 3156 nullo
409 3098 499 3156 modo
522 3104 652 3175 possunt,
672 3095 830 3173 repudiare,
851 3090 982 3165 tabulas,

133 3201 204 3258 quas
219 3180 298 3238 idem
312 3179 384 3237 dicis
400 3179 490 3236 solere
506 3177 660 3254 corrumpi,
670 3174 836 3233 desiderare.
879 3175 905 3227 9.
923 3169 971 3226 An

295 3275 331 3328 10
