2262 3418
132 124 182 174 144
270 123 343 175 PRO
359 119 520 175 n'nnmo
536 121 678 174 MILONE
695 121 839 174 ORATIO.

131 228 221 289 modo
237 235 317 288 extra
333 229 463 287 ordinem
485 234 672 307 quaereretur.
714 223 816 285 Divisa
831 227 974 287 sententia

130 317 176 369 est
196 309 360 387 postulante
380 309 476 366 nescio
499 327 575 386 quo:
603 307 676 366 nihil
697 308 774 366 enim
794 326 908 366 necesse
928 315 973 367 cst

133 390 262 447 omnium
276 409 324 447 me
337 388 446 466 flagitia
459 389 594 467 proferre.
637 387 683 445 sie
697 387 806 464 reliqua
819 388 972 446 auctoritas

132 476 246 528 senatus
260 475 357 548 empta
370 469 571 527 intercessione
586 467 697 526 sublata
709 474 760 526 est

174 554 219 606 15.
235 547 278 606 At
292 549 368 606 enim
383 548 435 608 On.
445 547 603 625 Pompeius
618 547 768 625 rogatione
785 554 878 606 suaet
892 547 971 606 dere

131 628 214 687 etde
234 647 319 686 causa
333 628 487 686 iudicavit:
508 626 577 686 tulit
593 627 670 685 enim
691 627 727 686 de
743 627 838 699 caede,
850 647 922 705 quae
940 627 970 684 iu
1052 685 1057 694 ,

131 705 230 786 'Appia
239 708 286 766 vis
295 709 373 766 facte
386 713 468 780 esset,
479 708 510 765 in
522 727 579 786 que
588 707 622 765 P.
631 707 751 765 Clodius
765 707 875 765 occisus
889 714 969 766 essct

130 787 210 856 Quid
223 807 291 865 ergo
305 787 390 846 tulitl
410 807 514 865 nempe
527 794 561 845 ut
575 794 761 865 quaereretur.
797 786 875 856 Quid
883 806 970 865 porro

132 867 325 944 quaerendum
340 869 401 926 estl
421 868 569 926 factumne
580 868 635 925 sitl
656 874 686 926 at
696 873 816 925 constat.
851 866 881 924 A
894 869 971 945 quol

131 955 161 1005 at
174 953 263 1024 paret.
305 947 391 1007 Vidit
414 947 503 1024 igitur
527 948 613 1006 etiam
637 947 668 1004 in
696 947 876 1005 confessione
900 947 971 1005 fecti

60 1093 63 1100 ⁴
131 1027 201 1084 iuris
217 1033 314 1085 tamen
331 1027 528 1086 defensionem
549 1027 655 1105 suscipi
675 1046 767 1105 posse.
809 1027 895 1096 Quod
915 1027 971 1085 nisi

131 1106 249 1165 vidisset
262 1126 347 1184 posse
360 1107 554 1179 absolvi'eum‚
567 1108 617 1185 qui
630 1108 776 1178 fateretur,
786 1126 853 1165 cum
862 1107 972 1165 videret

131 1205 184 1244 nos
197 1186 395 1265 deteriusque
412 1188 508 1265 quaeri
525 1207 662 1266 nmquam
679 1188 808 1246 iussisset
820 1206 873 1245 nec
889 1187 971 1245 vobis

130 1273 191 1324 tam
201 1266 275 1325 hanc
286 1267 437 1326 salutarem
447 1269 478 1326 in
489 1268 642 1326 iudicando
652 1268 776 1326 litteram
792 1286 877 1345 quam
892 1266 971 1325 illam

130 1347 242 1404 tristem
257 1347 389 1407 dedisset.
422 1347 495 1405 Mihi
505 1368 573 1406 vero
584 1347 636 1405 Cn.
646 1347 803 1426 Pompeius
813 1366 871 1404 non
882 1347 971 1405 modo

130 1427 203 1484 nihil
213 1428 328 1504 gravius
340 1435 440 1486 contra
450 1428 588 1486 Milonem
599 1427 746 1498 iudicasse,
758 1427 809 1486 sed
820 1428 906 1486 etiam
917 1434 972 1486 sta-

130 1507 218 1565 tuisse
232 1507 346 1565 videtur
360 1508 430 1586 quid
440 1527 492 1565 vos
505 1508 535 1565 in
549 1506 703 1566 iudicando
718 1515 845 1585 spectare
859 1515 972 1585 oporte·

130 1593 181 1645 ret.
223 1586 299 1644 Nam
321 1588 370 1665 qui
391 1607 450 1645 non
470 1587 593 1666 poenam
610 1587 792 1660 confessioni,
808 1587 858 1646 sed
874 1587 971 1645 defen·
1069 1593 1077 1606 '

130 1667 241 1724 sionem
260 1667 349 1740 dedit,
363 1668 389 1724 is
409 1686 523 1725 causam
544 1667 676 1725 interitus
698 1667 896 1745 quaerendam,
911 1687 971 1726 non

130 1747 279 1804 interitum
294 1747 413 1825 putavit
451 1753 496 1805 16.
509 1747 570 1804 Iam
585 1746 657 1805 illud
667 1748 728 1825 ipse
743 1747 819 1805 dicet
828 1747 969 1825 proiecto,

131 1827 210 1904 qnod
226 1845 278 1884 sua
293 1835 396 1908 sponte
412 1827 491 1898 fecit,
503 1826 646 1885 Publione
663 1827 767 1885 (llodio
785 1827 971 1890 tribuendum

130 1906 239 1984 putarit
259 1925 296 1964 an
316 1907 448 1985 tempori.
484 1905 551 1966 VH.
567 1907 677 1965 Domni
694 1926 760 1965 snae
777 1906 971 1965 nobilissimus

130 1986 182 2057 vir,
195 1993 309 2044 sanatus
328 1993 526 2065 propugnator
546 1993 632 2064 atque
650 1986 707 2044 illis
724 1987 840 2065 quidem
861 1993 972 2066 tempo·
997 2010 1001 2016 -

130 2065 210 2124 ribus
222 2085 313 2144 paene
327 2075 473 2145 patronus,
485 2067 641 2125 avunculus
654 2066 740 2124 huius
753 2066 856 2125 iudicis
870 2067 970 2139 nostri,

130 2147 281 2204 fortissimi
295 2147 357 2219 viri,
370 2147 408 2206 M.
419 2146 546 2219 Catonis,
557 2146 690 2205 tribunus
704 2146 796 2225 plebis
810 2146 849 2206 M.
859 2147 972 2205 Drusus

128 2227 241 2284 occisus
255 2233 305 2284 est.
349 2227 429 2285 Nihil
443 2227 480 2286 de
493 2227 554 2285 eius
564 2234 660 2285 -morte
674 2226 798 2312 populus
814 2226 970 2299 consultus,

130 2306 209 2364 nulle
225 2307 354 2385 quaestio
371 2307 484 2366 decreta
504 2327 522 2364 a
541 2314 640 2364 senatu
658 2314 708 2364 cst.
751 2305 897 2375 Quantum
915 2305 972 2365 luc·

130 2393 193 2444 tum
208 2387 238 2443 in
252 2387 305 2444 hac
319 2387 389 2446 urbe
402 2388 491 2445 misse
505 2406 522 2444 a
535 2387 640 2445 nostris
653 2386 783 2465 patribus
799 2387 969 2465 accepimus,

130 2485 196 2524 cum
211 2466 244 2526 P.
254 2466 393 2524 Africano
408 2467 507 2525 domui
522 2487 588 2525 suae
602 2460 759 2544 quiescenti
769 2466 819 2524 illa
831 2475 972 2525 nocturna

130 2547 173 2603 vis
194 2553 268 2605 esset
288 2547 401 2606 edlatsl
425 2547 572 2625 quietum
593 2565 651 2604 non
672 2547 802 2625 gemuitl
826 2547 890 2624 quis
911 2563 970 2604 non

130 2627 200 2684 arsit
215 2627 333 2684 doloret
354 2638 439 2705 (prem
456 2627 656 2699 immortalem,
672 2628 696 2684 si
712 2626 774 2685 fieri
793 2634 899 2704 posset,
911 2645 972 2684 om·

130 2723 181 2763 nes
202 2725 262 2764 esse
282 2713 426 2785 cuperent,
442 2707 503 2765 eius
522 2726 559 2764 ne
581 2705 765 2764 necessariam
788 2706 904 2784 quidem
926 2725 972 2764 ex-

131 2792 287 2863 spectatam
309 2806 369 2845 esse
386 2787 525 2846 morteml
567 2785 645 2844 Num
662 2787 751 2864 igitur
766 2786 826 2844 ulla
842 2785 971 2864 quaestio

131 2865 167 2922 de
183 2865 314 2924 Africani
334 2873 427 2924 morte
448 2866 506 2924 lata
521 2867 583 2924 estl
603 2874 679 2925 certe
699 2866 784 2924 nulla
829 2867 874 2924 17.
894 2865 972 2935 Quid

130 2945 190 3002 ital
205 2946 276 3022 ¹quia
286 2965 344 3003 non
355 2945 411 3003 alio
425 2946 553 3004 facinore
563 2946 631 3004 clari
641 2945 780 3018 homines,
791 2945 847 3004 alio
859 2945 972 3004 obscuri

128 3031 274 3083 necantur.
311 3025 428 3083 Intersit
437 3026 512 3084 inter
522 3026 597 3084 vitae
608 3026 779 3103 dignitatem
794 3045 971 3084 summorum

149 3111 217 3181 tque
231 3103 413 3163 infimorum:
434 3125 513 3164 mors
530 3106 646 3184 quidem
662 3106 740 3164 illata
753 3125 805 3184 per
821 3106 913 3164 scelus
925 3107 972 3163 iis-
1022 3129 1026 3136 ·

161 3203 198 3241 =m
212 3189 242 3242 et
254 3185 356 3263 poenis
369 3191 500 3245 teneatur
512 3192 542 3245 et
555 3185 674 3263 legibus.
710 3185 775 3244 Nisi
789 3186 865 3245 forte
879 3186 972 3263 magis
