2262 3418
145 128 192 176 124
301 127 372 179 PRO
388 125 529 178 ARCHIA
545 125 666 177 POETA
681 125 824 179 ORATIO.
890 123 891 128 ’

144 229 245 286 dianos
262 228 388 306 impetus
408 227 583 286 obiecissem.
626 226 683 285 Sed
701 227 780 305 pleni
798 235 865 287 sunt
885 248 988 288 omnes
1046 233 1061 262 “

144 306 208 364 libri
210 307 329 384 ,plenae
343 308 516 400 sapientium
529 327 613 365 voces
614 307 718 384 ,plena
731 309 926 401 exemplorum
939 329 987 367 re

143 393 251 444 tustas:
273 406 345 464 quae
361 387 509 445 iacerent'
501 407 532 445 ιιι
548 352 674 445 tenebris
690 388 794 460 omnia,
809 389 865 446 nisr
856 388 988 447 'littera-

144 485 208 523 mm
221 465 318 524 lumen
332 466 484 524 accederet
523 465 616 535 Quam
630 466 735 524 multas
748 468 987 546 nobis1magines

144 546 203 602 u'on
217 545 308 610 solum
323 546 378 603 ad'
370 553 414 603 mt
402 546 549 617 t,uendum
559 547 755 604 verumetiam
766 547 803 604 ad
813 547 987 605 imitandum

144 625 403 683 fortissimorum'
378 645 503 683 virorum
518 645 663 703 expressas
677 626 828 701 scriptores
842 633 871 685 et
884 625 987 685 Graeci

144 711 174 762 et
190 703 285 763 [atini
301 705 483 782 reliquerunt,
499 725 569 782 quas
590 724 645 782 ego
665 705 738 764 mihi
757 724 869 783 semper
887 706 917 762 in
938 707 987 764 ad-

143 784 333 842 ministranda
342 804 372 842 re
382 784 497 861 publica
506 803 671 862 proponens
681 785 809 842 animum
820 793 849 843 et
858 792 987 843 mentem

143 882 238 920 meam
257 865 320 941 ipsa
339 864 514 942 cogitatione
532 863 683 922 hominum
703 864 848 922 excellent'
828 872 902 922 trum
920 884 987 923 con-

144 943 313 1001 formabam.

185 1022 252 1102 VIL
294 1028 340 1081 15
363 1022 487 1092 Quaeret
501 1023 659 1102 quispiam:
680 1023 768 1101 quidl
786 1023 850 1081 illi
842 1025 905 1102 ipsi
912 1043 987 1082 sum-

144 1101 186 1158 mi
200 1097 261 1175 viri,
275 1122 396 1180 quorum
411 1105 530 1162 virtutes
544 1104 647 1161 litteris
660 1103 791 1181 proditae
807 1111 883 1176 sunt,
895 1105 986 1162 istane

145 1182 285 1275 doctrina,
303 1202 389 1261 quam
409 1190 442 1241 tu
463 1184 546 1242 effers
566 1182 706 1254 laudibus,
725 1184 830 1241 eruditi
850 1149 987 1242 iriernntl

144 1249 269 1320 Difficile
288 1271 331 1321 cst
346 1263 402 1321 hoc
421 1264 457 1321 de
477 1262 611 1320 omnibus
631 1261 805 1334 confirmare,
821 1263 872 1321 sed
889 1270 994 1336 tamen,

145 1348 189 1400 est
202 1349 311 1400 certum
326 1343 405 1420 quod
418 1343 613 1435 respopdeam
651 1342 719 1434 Ego
735 1343 842 1400 multos
855 1342 988 1402 homines

144 1422 294 1480 excellenti
316 1423 412 1480 auimo
435 1443 467 1480 ac
487 1423 593 1481 virtute
615 1422 704 1480 fuisse
726 1429 755 1480 et
775 1423 836 1480 sine
857 1424 989 1482 doctrina

52 1520 58 1532 ·
145 1509 262 1560 naturae
283 1503 373 1580 ipsius
392 1501 494 1560 habitu
512 1521 602 1580 prope
622 1501 720 1560 divino
738 1521 790 1579 per
810 1521 839 1560 se
858 1503 937 1581 ipsos
957 1511 988 1562 et

145 1582 309 1640 moderatos
333 1589 362 1640 et
383 1601 483 1659 graves
506 1581 648 1640 exstitisse
671 1582 781 1639 fateor:
806 1583 893 1640 etiarn
915 1583 989 1641 illud

145 1662 281 1738 adiung0,
293 1661 405 1738 saepius
421 1661 459 1719 ad
471 1661 584 1718 laudem
601 1668 687 1738 atque
704 1662 838 1719 virtutem
855 1669 987 1720 naturam

97 1764 100 1768 ’
146 1742 207 1799 sine
225 1741 357 1799 doctrina
375 1760 461 1818 quam
480 1741 541 1798 sine
559 1747 661 1798 natura
678 1740 798 1798 valuisse
817 1741 985 1801 doctrinam.

146 1820 243 1898 Atque
257 1821 334 1878 idem
349 1840 403 1898 ego
416 1820 472 1878 hoc
488 1820 640 1892 contendo,
653 1840 718 1878 cum
735 1821 773 1878 ad
786 1828 916 1880 naturam
931 1823 988 1880 exi-

146 1901 234 1958 miam
245 1907 275 1958 et
284 1901 422 1958 illustrem
433 1901 581 1958 accesserit
591 1901 664 1958 ratio
675 1901 815 1978 quaedam
828 1903 988 1960 conforma-

145 1980 245 2058 tioque
264 1980 418 2053 doctrinae,
433 1987 496 2038 tmn
516 1980 588 2038 illud
605 1981 702 2038 nescio
723 1981 792 2058 quid
811 1981 987 2058 praeclarum
1092 2043 1095 2050 ,

147 2079 179 2117 ac
194 2060 335 2138 singulare
349 2060 438 2119 solere
452 2061 593 2118 exsistere.
638 2065 683 2118 16.
706 2059 750 2117 Ex
763 2060 819 2118 hoc
836 2081 897 2120 esse
910 2061 986 2119 hune

146 2158 267 2198 numero
268 2159 372 2218 ,quem
386 2148 480 2218 patres
494 2140 585 2198 nostri
599 2139 741 2212 viderunt,
752 2139 882 2198 divinum
895 2141 988 2199 homi·

146 2237 213 2277 uem
230 2185 408 2292 Africanum,
424 2239 458 2278 ex
474 2220 530 2278 hoc
547 2218 579 2277 O.
592 2218 729 2290 Laelium,
743 2219 774 2277 L.
788 2219 913 2293 Furium,
927 2241 987 2278 mo·

147 2299 340 2357 deratissimos
366 2300 498 2358 homines
525 2307 555 2358 et
582 2299 852 2372 continentissimos,
873 2320 907 2358 ex
930 2300 986 2359 hoe

147 2379 379 2436 fortissimum
352 2400 446 2438 virum
465 2387 494 2438 et
510 2380 596 2438 illist
583 2379 762 2472 temporibus
778 2379 984 2451 doctissimum,

147 2457 186 2516 M.
199 2458 338 2516 Catonem
357 2459 438 2517 illum
453 2477 570 2521 senem:
594 2459 644 2536 qui
662 2459 836 2538 profecto'
815 2479 839 2517 si
856 2460 929 2517 nihil
950 2424 987 2517 ad

147 2539 359 2616 percipiendam
378 2538 584 2617 colendamque
600 2540 735 2596 virtutem
753 2538 855 2597 litteris
874 2539 988 2597 adiuva-

147 2624 252 2689 rentur,
264 2637 421 2696 numquam
436 2639 465 2676 se
481 2619 518 2676 ad
533 2621 626 2676 eallnn
644 2619 773 2676 studium
790 2620 985 2678 contulissent

55 2750 60 2762 ,
148 2696 233 2766 Quod
247 2698 342 2755 sinon
356 2698 404 2756 hic
417 2705 515 2756 tantus
531 2699 642 2756 fruetus
658 2699 855 2757 ostenderetur
871 2706 900 2756 et
914 2700 938 2756 si
952 2719 988 2756 ex

146 2775 192 2834 his
206 2777 308 2835 studiis
319 2777 470 2835 delectatio
484 2777 544 2834 sola
553 2784 704 2854 peteretur,
715 2785 820 2849 tamen,
831 2785 864 2836 ut
875 2779 986 2855 opinor,

146 2855 220 2913 hanc
234 2857 323 2914 animi
333 2857 529 2914 adversionem
539 2856 774 2915 humanissimam
786 2878 818 2916 aa
829 2857 989 2916 liberalissi-

147 2954 224 2992 mam
235 2935 380 2993 iudicaret'
360 2942 405 2993 t.1s
439 2935 514 2993 Nam
525 2943 633 2994 ceterae
644 2955 735 3014 neque
746 2945 910 3014 temporum
921 2946 990 2997 sunt
1050 2952 1057 2966 ‘

147 3033 240 3092 neque
254 3021 379 3071 aetatum
393 3015 523 3071 omnium
537 3035 629 3093 neque
642 3016 787 3074 locorum:
808 3017 878 3075 haec
893 3017 990 3076 studia

148 3092 368 3150 adolescentiam
384 3092 471 3164 alunt,
487 3101 662 3152 senectutem
679 3094 831 3168 oblectant,
848 3098 989 3155 secundas

148 3191 192 3230 res
206 3177 316 3244 ornant,
326 3171 450 3230 adversis
463 3174 628 3252 perfugium
643 3192 675 3232 ao
689 3175 825 3233 solacium
839 3176 988 3254 praebent,
