2262 3412
117 125 154 175 36
290 123 330 173 IN
346 124 376 175 L.
391 123 597 175 CATILINAM
613 124 747 176 ORATIO
763 125 787 176 1.

118 225 203 282 istam
223 231 351 282 mentem
375 224 406 282 di
429 225 605 284 immortales
625 225 726 284 duintl
749 225 916 300 etsivideo,
933 228 961 286 si

118 323 183 362 mea
195 323 265 361 voce
275 304 441 382 perterritus
454 305 495 362 ire
509 305 539 362 in
554 305 685 364 exsilium
696 306 827 364 animum
841 303 959 366 induxe-

118 384 164 454 ris,
176 390 283 460 quamta
293 390 448 461 tempestas
458 384 583 442 invidiae
593 385 685 458 nobis,
696 386 720 444 si
730 386 826 452 minus
839 387 870 444 in
880 407 959 464 prae-

119 481 183 520 sens
196 470 310 540 tempus
324 464 431 520 recenti
444 464 584 522 memoria
598 465 734 522 scelerum
747 472 872 537 tuorum,
884 473 914 524 at
927 467 960 524 in

118 543 315 620 posteritatem
332 543 505 620 impendeat.
548 543 606 602 Sed
622 552 665 602 est
680 545 763 617 tanti,
779 545 850 603 dum
869 546 958 603 modo

118 623 173 679 ista
192 622 228 679 sit
246 623 358 698 privata
375 623 521 681 calamitae
540 629 569 681 et
586 643 604 681 a
620 625 660 681 rei
676 623 808 702 publicae
825 624 959 702 perieulis

119 701 290 780 seiungatur.
326 701 384 760 Sed
399 709 433 760 tu
448 709 482 760 ut
495 703 573 760 vitiis
586 703 645 762 tuis
658 723 863 776 commoveare,
875 710 908 760 ut
921 703 960 762 le·

117 800 188 858 gum
202 800 308 858 poenas
325 782 516 858 pertimescas,
528 788 562 840 ut
577 783 756 860 temporibus
772 783 812 840 rei
828 783 960 860 publicae

118 860 209 932 cedas,
222 880 281 918 non
292 868 335 918 est
345 861 558 938 postulandum.
594 861 695 939 Neque
710 862 787 920 enim
797 863 822 920 is
836 881 874 933 es,
884 861 960 920 Cati·

118 939 184 1011 lina,
196 946 229 996 ut
242 947 272 997 te
289 947 339 997 aut
354 940 449 1018 pudor
464 960 602 1018 umquam
616 961 633 999 a
646 941 825 1018 turpitudine
839 948 889 999 aut
901 960 959 999 me

118 1026 165 1076 tus
187 1039 205 1076 a
225 1019 352 1097 periculo
374 1026 423 1077 aut
440 1021 513 1078 ratio
534 1040 551 1077 a
571 1021 667 1078 furore
688 1020 867 1078 revocaverit.
910 1027 959 1081 23.

119 1097 212 1167 Quam
231 1099 269 1156 ob
288 1118 357 1170 rem,
369 1106 402 1157 ut
423 1109 506 1176 saepe
526 1099 584 1158 iam
605 1100 672 1172 dixi,¹
684 1095 862 1176 proficiscere
878 1119 919 1171 ac,
935 1099 959 1157 si

4 1181 10 1188 '
118 1179 191 1236 mihi
205 1179 331 1250 inimico,
342 1185 376 1236 ut
389 1178 543 1256 praedicas,
553 1185 604 1236 tuo
612 1179 740 1241 ,conflare
754 1179 957 1251 viseinvidiam

119 1264 196 1316 recta
208 1258 255 1316 via
268 1277 355 1336 perge
369 1258 399 1314 in
414 1258 562 1316 exsilium:
583 1259 631 1316 vix
645 1259 737 1316 feram
750 1277 895 1317 sermones
909 1259 960 1316 ho·

118 1338 238 1408 minum,
251 1338 275 1394 si
286 1338 317 1395 id
327 1338 445 1396 leceris:
467 1339 514 1394 vix
528 1337 635 1395 molem
649 1338 731 1396 istius
746 1338 877 1410 invidiae,
890 1339 915 1394 si
928 1339 959 1396 in

118 1417 249 1474 exsilium
266 1418 345 1474 iussu
362 1416 486 1474 consulis¹
506 1417 580 1488 ieris,
596 1417 749 1476 sustinebo
792 1417 843 1476 Sin
862 1425 959 1476 autom

119 1497 221 1557 servire
235 1516 316 1554 meae
327 1495 405 1554 laudi
416 1504 445 1554 et
455 1495 562 1572 gloriae
573 1496 671 1568 mavis,
684 1497 817 1574 egredere
830 1517 898 1556 cum
907 1498 960 1555 im·
1024 1527 1032 1543 ·

118 1583 244 1654 portuno
264 1576 463 1634 sceleratorum
484 1595 579 1647 manu,
596 1577 695 1634 confer
710 1584 739 1634 te
756 1576 793 1633 ad
809 1575 958 1648 Manlium,

119 1656 232 1714 concita
241 1655 369 1732 perditos
380 1655 463 1726 cives,
474 1674 586 1713 secerne
596 1662 626 1713 te
636 1675 654 1712 a
662 1655 754 1727 bonis,
766 1656 841 1713 infer
851 1656 959 1733 patriae

118 1735 235 1806 bellum,
247 1735 358 1792 exsulta
370 1734 461 1811 impio
472 1733 631 1806 latrocinio,
644 1743 676 1793 ut
690 1754 707 1792 a
719 1754 766 1792 me
779 1754 839 1795 non
853 1735 959 1795 eiectus

119 1815 156 1872 ad
172 1815 288 1886 alienos,
301 1814 352 1871 sed
367 1813 504 1870 invitatus
525 1815 562 1872 ad
578 1821 645 1872 tuos
662 1833 721 1871 esse
738 1814 866 1872 videaris.
910 1819 957 1874 24.

59 1909 62 1916 '
119 1892 301 1971 Quamquam
322 1893 393 1970 quid
413 1911 467 1970 ego
489 1900 517 1950 te
538 1893 666 1965 invitem,
681 1913 699 1950 a
719 1912 776 1970 quo
793 1894 850 1954 iam
871 1894 958 1954 sciam

119 1993 179 2032 esse
193 1974 363 2051 praemissos
378 1973 428 2050 qui
439 1971 492 2030 tibi
507 1973 544 2030 ad
558 1973 663 2030 Forum
674 1972 824 2032 Aurelium
835 1980 959 2050 praesto-j

119 2053 245 2110 larentur
265 2053 385 2110 armatii
410 2052 456 2108 cui
477 2052 564 2110 seiam
588 2059 702 2129 pactam
723 2060 753 2112 et
772 2053 958 2110 constitutam

119 2151 185 2190 cum
194 2132 411 2191 vManliodieml
431 2151 448 2189 a
462 2151 519 2208 quo
531 2132 618 2190 etiam
632 2132 756 2208 aquilam
768 2131 847 2188 illam
861 2151 959 2208 argeu-

119 2218 195 2272 team
217 2230 303 2289 quam
323 2212 378 2270 tibi
398 2229 431 2275 ac
451 2211 510 2290 tuis
534 2211 668 2290 omnibus
688 2211 877 2288 perniciosam
898 2230 958 2270 esse

119 2291 233 2349 confido
250 2311 282 2349 ac
299 2293 443 2350 funestam
461 2291 597 2361 futuram,
610 2291 656 2348 cui
673 2291 774 2348 domui
788 2296 855 2348 tuae
871 2306 959 2346 sacra-

119 2370 194 2426 rium
215 2371 352 2428 scelerum
372 2377 488 2428 tuorum
505 2369 694 2429 constitutum
712 2370 778 2440 fuit,
790 2370 877 2427 sciam
899 2388 958 2429 esse

119 2445 322 2526 praemissam?
362 2449 407 2508 Tu
420 2456 454 2506 ut
467 2449 516 2507 illa
529 2450 638 2507 diutius
654 2468 748 2506 carere
761 2448 861 2525 possis,
872 2467 958 2525 quam

120 2529 246 2586 venerari
262 2529 300 2586 ad
316 2529 431 2587 caedem
447 2528 630 2605 proficiscens
651 2527 768 2598 solebas,
783 2547 801 2584 a
821 2527 901 2585 cuius
921 2526 959 2584 al-

120 2608 228 2666 taribus
249 2627 331 2686 saepe
349 2609 433 2665 istam
449 2609 568 2686 impiam
586 2608 732 2666 dexteram
749 2606 787 2664 ad
802 2625 901 2665 necem
922 2606 959 2665 ci·

119 2687 197 2743 vium
220 2687 408 2746 transtulisti?
448 2687 487 2744 X.
522 2693 568 2746 25.
585 2687 644 2745 Ibis
660 2686 778 2744 taudem
795 2683 957 2762 aliquando,

120 2784 177 2842 quo
192 2772 221 2823 te
235 2767 415 2844 iampridem
429 2767 485 2824 ista
497 2773 548 2824 tua
560 2766 704 2844 cupiditas
718 2765 856 2824 effrenata
868 2782 901 2820 ac
914 2763 959 2820 fu·

119 2845 194 2902 riosa
207 2846 342 2922 rapiebat.
385 2845 485 2922 Neque
499 2846 576 2903 enim
590 2845 643 2904 tibi
657 2845 727 2904 haec
741 2863 785 2902 res
802 2841 896 2900 adfert
909 2842 959 2899 do-

119 2923 218 2996 lorem,
234 2925 283 2982 sed
298 2924 451 3002 quamdam
468 2923 663 2983 incredibilem
680 2923 867 3000 voluptatem.
908 2919 959 2982 Ad
1059 2973 1061 2980 .

120 3002 193 3061 hanc
209 3010 238 3062 te
255 3004 409 3062 amentiam
426 3009 527 3061 natura
543 3005 662 3080 peperit,
674 3003 806 3062 voluutas
823 2999 957 3070 exercuit,

119 3081 237 3140 fortuna
257 3083 384 3141 servavit.
427 3081 592 3159 Numquam
613 3089 646 3140 tu
667 3101 725 3139 non
746 3081 834 3138 modo
855 3080 957 3149 otium,

120 3160 233 3219 sedne
256 3161 363 3219 bellum
392 3161 507 3236 quidem
535 3161 590 3218 nisi
618 3161 759 3224 nefarium
787 3159 956 3236 concupisti.¹
