<?xml version="1.0" encoding="UTF-8"?>
<!DOCTYPE html PUBLIC "-//W3C//DTD XHTML 1.0 Transitional//EN"
    "http://www.w3.org/TR/xhtml1/DTD/xhtml1-transitional.dtd">
<html xmlns="http://www.w3.org/1999/xhtml" xml:lang="en" lang="en">
 <head>
  <title>
</title>
<meta http-equiv="Content-Type" content="text/html;charset=utf-8" />
  <meta name='ocr-system' content='tesseract 3.04.00' />
  <meta name='ocr-capabilities' content='ocr_page ocr_carea ocr_par ocr_line ocrx_word'/>
</head>
<body>
  <div class='ocr_page' id='page_1' title='image "./mtulliiciceroni99cicegoog/mtulliiciceroni99cicegoog_0121.png"; bbox 0 0 2262 3418; ppageno 0'>
   <div class='ocr_carea' id='block_1_1' title="bbox 328 116 1007 184">
    <p class='ocr_par' dir='ltr' id='par_1_1' title="bbox 328 116 1007 184">
     <span class='ocr_line' id='line_1_1' title="bbox 328 116 1007 184; baseline -0.003 -12"><span class='ocrx_word' id='word_1_1' title='bbox 328 121 405 174; x_wconf 77' lang='lat' dir='ltr'>cAr.</span> <span class='ocrx_word' id='word_1_2' title='bbox 422 121 708 184; x_wconf 65' lang='lat' dir='ltr'>xxxa-xxxva,</span> <span class='ocrx_word' id='word_1_3' title='bbox 724 119 739 181; x_wconf 67' lang='grc' dir='ltr'>ι</span> <span class='ocrx_word' id='word_1_4' title='bbox 754 123 843 171; x_wconf 74' lang='lat' dir='ltr'>rara</span> <span class='ocrx_word' id='word_1_5' title='bbox 961 116 1007 171; x_wconf 79' lang='lat'>111·</span> 
     </span>
    </p>
   </div>
   <div class='ocr_carea' id='block_1_2' title="bbox 169 215 1012 1484">
    <p class='ocr_par' dir='ltr' id='par_1_2' title="bbox 169 215 1012 1484">
     <span class='ocr_line' id='line_1_2' title="bbox 169 215 1011 300; baseline -0.006 -18"><span class='ocrx_word' id='word_1_6' title='bbox 169 229 308 284; x_wconf 85' lang='lat' dir='ltr'>terrarum</span> <span class='ocrx_word' id='word_1_7' title='bbox 323 223 484 300; x_wconf 88' lang='lat' dir='ltr'>imperium,</span> <span class='ocrx_word' id='word_1_8' title='bbox 499 220 549 279; x_wconf 90' lang='lat' dir='ltr'>ubi</span> <span class='ocrx_word' id='word_1_9' title='bbox 565 220 613 279; x_wconf 90' lang='lat' dir='ltr'>ille</span> <span class='ocrx_word' id='word_1_10' title='bbox 631 227 713 279; x_wconf 87' lang='lat' dir='ltr'>esset.</span> <span class='ocrx_word' id='word_1_11' title='bbox 755 221 851 278; x_wconf 92' lang='lat' dir='ltr'>Huius</span> <span class='ocrx_word' id='word_1_12' title='bbox 867 220 897 277; x_wconf 91' lang='lat' dir='ltr'>in</span> <span class='ocrx_word' id='word_1_13' title='bbox 915 215 1011 278; x_wconf 86' lang='lat' dir='ltr'>morte</span> 
     </span>
     <span class='ocr_line' id='line_1_3' title="bbox 169 299 1011 392; baseline -0.006 -31"><span class='ocrx_word' id='word_1_14' title='bbox 169 301 337 361; x_wconf 88' lang='lat' dir='ltr'>celebranda</span> <span class='ocrx_word' id='word_1_15' title='bbox 346 302 473 392; x_wconf 85' lang='lat' dir='ltr'>graviter</span> <span class='ocrx_word' id='word_1_16' title='bbox 485 300 553 364; x_wconf 85' lang='lat' dir='ltr'>tulit</span> <span class='ocrx_word' id='word_1_17' title='bbox 563 299 687 377; x_wconf 92' lang='lat' dir='ltr'>populus</span> <span class='ocrx_word' id='word_1_18' title='bbox 701 299 848 356; x_wconf 88' lang='lat' dir='ltr'>Romanus</span> <span class='ocrx_word' id='word_1_19' title='bbox 861 299 935 357; x_wconf 87' lang='lat' dir='ltr'>hanc</span> <span class='ocrx_word' id='word_1_20' title='bbox 949 317 1011 376; x_wconf 88' lang='lat' dir='ltr'>per-</span> 
     </span>
     <span class='ocr_line' id='line_1_4' title="bbox 169 377 1011 458; baseline -0.005 -19"><span class='ocrx_word' id='word_1_21' title='bbox 169 401 278 440; x_wconf 89' lang='lat' dir='ltr'>versam</span> <span class='ocrx_word' id='word_1_22' title='bbox 293 380 462 458; x_wconf 82' lang='lat' dir='ltr'>saprentiam</span> <span class='ocrx_word' id='word_1_23' title='bbox 475 379 642 436; x_wconf 83' lang='lat' dir='ltr'>Tuberonis</span> <span class='ocrx_word' id='word_1_24' title='bbox 685 377 730 436; x_wconf 82' lang='grc'>76.</span> <span class='ocrx_word' id='word_1_25' title='bbox 753 378 853 454; x_wconf 88' lang='lat' dir='ltr'>Itaque</span> <span class='ocrx_word' id='word_1_26' title='bbox 866 378 955 436; x_wconf 92' lang='lat' dir='ltr'>homo</span> <span class='ocrx_word' id='word_1_27' title='bbox 969 379 1011 436; x_wconf 93' lang='lat' dir='ltr'>in·</span> 
     </span>
     <span class='ocr_line' id='line_1_5' title="bbox 169 456 1008 538; baseline -0.006 -19"><span class='ocrx_word' id='word_1_28' title='bbox 169 460 347 538; x_wconf 86' lang='lat' dir='ltr'>tegerrimus‚</span> <span class='ocrx_word' id='word_1_29' title='bbox 359 459 428 517; x_wconf 91' lang='lat' dir='ltr'>civis</span> <span class='ocrx_word' id='word_1_30' title='bbox 445 459 579 535; x_wconf 90' lang='lat' dir='ltr'>optimus,</span> <span class='ocrx_word' id='word_1_31' title='bbox 592 477 658 515; x_wconf 89' lang='lat' dir='ltr'>cum</span> <span class='ocrx_word' id='word_1_32' title='bbox 675 464 748 515; x_wconf 88' lang='lat' dir='ltr'>esset</span> <span class='ocrx_word' id='word_1_33' title='bbox 762 456 792 514; x_wconf 89' lang='lat' dir='ltr'>L.</span> <span class='ocrx_word' id='word_1_34' title='bbox 802 457 896 515; x_wconf 84' lang='lat' dir='ltr'>Paulli</span> <span class='ocrx_word' id='word_1_35' title='bbox 910 477 1008 536; x_wconf 89' lang='lat' dir='ltr'>nepos,</span> 
     </span>
     <span class='ocr_line' id='line_1_6' title="bbox 169 533 1011 613; baseline -0.006 -15"><span class='ocrx_word' id='word_1_36' title='bbox 169 539 203 598; x_wconf 93' lang='lat' dir='ltr'>P.</span> <span class='ocrx_word' id='word_1_37' title='bbox 212 539 350 610; x_wconf 70' lang='lat' dir='ltr'>Africani,</span> <span class='ocrx_word' id='word_1_38' title='bbox 361 545 394 596; x_wconf 94' lang='grc' dir='ltr'>ιιι</span> <span class='ocrx_word' id='word_1_39' title='bbox 404 538 472 609; x_wconf 82' lang='lat' dir='ltr'>dixi,</span> <span class='ocrx_word' id='word_1_40' title='bbox 483 538 587 596; x_wconf 88' lang='lat' dir='ltr'>sororis</span> <span class='ocrx_word' id='word_1_41' title='bbox 601 535 684 606; x_wconf 90' lang='lat' dir='ltr'>filius,</span> <span class='ocrx_word' id='word_1_42' title='bbox 693 535 739 592; x_wconf 85' lang='lat' dir='ltr'>his</span> <span class='ocrx_word' id='word_1_43' title='bbox 753 533 883 593; x_wconf 81' lang='lat' dir='ltr'>haedinis</span> <span class='ocrx_word' id='word_1_44' title='bbox 896 537 1011 613; x_wconf 85' lang='lat' dir='ltr'>pellicu-</span> 
     </span>
     <span class='ocr_line' id='line_1_7' title="bbox 169 615 1011 695; baseline -0.006 -19"><span class='ocrx_word' id='word_1_45' title='bbox 169 618 205 676; x_wconf 87' lang='lat' dir='ltr'>lis</span> <span class='ocrx_word' id='word_1_46' title='bbox 226 625 358 695; x_wconf 84' lang='lat' dir='ltr'>praetura</span> <span class='ocrx_word' id='word_1_47' title='bbox 378 617 505 676; x_wconf 84' lang='lat' dir='ltr'>&#39;deiectus</span> <span class='ocrx_word' id='word_1_48' title='bbox 529 623 580 675; x_wconf 87' lang='lat' dir='ltr'>est.</span> <span class='ocrx_word' id='word_1_49' title='bbox 622 615 695 674; x_wconf 88' lang='lat' dir='ltr'>Odit</span> <span class='ocrx_word' id='word_1_50' title='bbox 715 615 840 693; x_wconf 91' lang='lat' dir='ltr'>populus</span> <span class='ocrx_word' id='word_1_51' title='bbox 863 615 1011 672; x_wconf 87' lang='lat' dir='ltr'>Romanus</span> 
     </span>
     <span class='ocr_line' id='line_1_8' title="bbox 170 693 1010 775; baseline -0.005 -19"><span class='ocrx_word' id='word_1_52' title='bbox 170 698 311 775; x_wconf 89' lang='lat' dir='ltr'>privatam</span> <span class='ocrx_word' id='word_1_53' title='bbox 324 697 473 768; x_wconf 82' lang='lat' dir='ltr'>luxuriam,</span> <span class='ocrx_word' id='word_1_54' title='bbox 483 695 628 774; x_wconf 82' lang='lat' dir='ltr'>publicam</span> <span class='ocrx_word' id='word_1_55' title='bbox 641 693 884 772; x_wconf 83' lang='lat' dir='ltr'>magnificentiam</span> <span class='ocrx_word' id='word_1_56' title='bbox 897 694 1010 771; x_wconf 87' lang='lat' dir='ltr'>diligit:</span> 
     </span>
     <span class='ocr_line' id='line_1_9' title="bbox 170 773 1011 854; baseline -0.005 -20"><span class='ocrx_word' id='word_1_57' title='bbox 170 796 229 834; x_wconf 92' lang='lat' dir='ltr'>non</span> <span class='ocrx_word' id='word_1_58' title='bbox 246 783 323 834; x_wconf 84' lang='lat' dir='ltr'>amat</span> <span class='ocrx_word' id='word_1_59' title='bbox 339 777 471 854; x_wconf 83' lang='lat' dir='ltr'>profusas</span> <span class='ocrx_word' id='word_1_60' title='bbox 490 776 595 853; x_wconf 83' lang='lat' dir='ltr'>epulas,</span> <span class='ocrx_word' id='word_1_61' title='bbox 611 774 709 832; x_wconf 87' lang='lat' dir='ltr'>sordes</span> <span class='ocrx_word' id='word_1_62' title='bbox 725 780 755 832; x_wconf 86' lang='lat' dir='ltr'>et</span> <span class='ocrx_word' id='word_1_63' title='bbox 770 773 1011 830; x_wconf 71' lang='lat' dir='ltr'>inhumanitatem</span> 
     </span>
     <span class='ocr_line' id='line_1_10' title="bbox 169 852 1012 933; baseline -0.004 -21"><span class='ocrx_word' id='word_1_64' title='bbox 169 855 262 914; x_wconf 88' lang='lat' dir='ltr'>multo</span> <span class='ocrx_word' id='word_1_65' title='bbox 276 857 380 914; x_wconf 89' lang='lat' dir='ltr'>minus.</span> <span class='ocrx_word' id='word_1_66' title='bbox 420 855 583 933; x_wconf 89' lang='lat' dir='ltr'>Distinguit</span> <span class='ocrx_word' id='word_1_67' title='bbox 596 855 707 912; x_wconf 85' lang='lat' dir='ltr'>ratione</span> <span class='ocrx_word' id='word_1_68' title='bbox 721 852 881 912; x_wconf 90' lang='lat' dir='ltr'>officiorum</span> <span class='ocrx_word' id='word_1_69' title='bbox 894 871 927 910; x_wconf 89' lang='lat' dir='ltr'>ac</span> <span class='ocrx_word' id='word_1_70' title='bbox 940 859 1012 910; x_wconf 86' lang='lat' dir='ltr'>tem·</span> 
     </span>
     <span class='ocr_line' id='line_1_11' title="bbox 170 931 1011 1012; baseline -0.007 -18"><span class='ocrx_word' id='word_1_71' title='bbox 170 955 274 1012; x_wconf 90' lang='lat' dir='ltr'>porum</span> <span class='ocrx_word' id='word_1_72' title='bbox 294 935 520 994; x_wconf 88' lang='lat' dir='ltr'>vicissitudinem</span> <span class='ocrx_word' id='word_1_73' title='bbox 543 935 649 992; x_wconf 85' lang='lat' dir='ltr'>laboris</span> <span class='ocrx_word' id='word_1_74' title='bbox 673 953 706 992; x_wconf 84' lang='lat' dir='ltr'>ac</span> <span class='ocrx_word' id='word_1_75' title='bbox 729 933 892 1010; x_wconf 87' lang='lat' dir='ltr'>voluptatis.</span> <span class='ocrx_word' id='word_1_76' title='bbox 935 931 1011 989; x_wconf 90' lang='lat' dir='ltr'>Nam</span> 
     </span>
     <span class='ocr_line' id='line_1_12' title="bbox 171 1011 1012 1092; baseline -0.004 -21"><span class='ocrx_word' id='word_1_77' title='bbox 171 1014 249 1092; x_wconf 90' lang='lat' dir='ltr'>quod</span> <span class='ocrx_word' id='word_1_78' title='bbox 259 1015 392 1076; x_wconf 82' lang='lat' dir='ltr'>aisnulla</span> <span class='ocrx_word' id='word_1_79' title='bbox 404 1035 435 1073; x_wconf 88' lang='lat' dir='ltr'>re</span> <span class='ocrx_word' id='word_1_80' title='bbox 448 1014 533 1072; x_wconf 88' lang='lat' dir='ltr'>adlici</span> <span class='ocrx_word' id='word_1_81' title='bbox 543 1013 695 1072; x_wconf 90' lang='lat' dir='ltr'>hominum</span> <span class='ocrx_word' id='word_1_82' title='bbox 705 1020 816 1071; x_wconf 86' lang='lat' dir='ltr'>mentes</span> <span class='ocrx_word' id='word_1_83' title='bbox 830 1017 961 1089; x_wconf 86' lang='lat' dir='ltr'>oportere</span> <span class='ocrx_word' id='word_1_84' title='bbox 975 1011 1012 1068; x_wconf 88' lang='lat' dir='ltr'>ad</span> 
     </span>
     <span class='ocr_line' id='line_1_13' title="bbox 170 1091 1010 1170; baseline -0.002 -20"><span class='ocrx_word' id='word_1_85' title='bbox 170 1093 371 1170; x_wconf 83' lang='lat' dir='ltr'>magistratum</span> <span class='ocrx_word' id='word_1_86' title='bbox 384 1092 580 1151; x_wconf 87' lang='lat' dir='ltr'>mandandum</span> <span class='ocrx_word' id='word_1_87' title='bbox 593 1093 650 1150; x_wconf 88' lang='lat' dir='ltr'>nisi</span> <span class='ocrx_word' id='word_1_88' title='bbox 663 1092 812 1170; x_wconf 80' lang='lat' dir='ltr'>dignitate,</span> <span class='ocrx_word' id='word_1_89' title='bbox 824 1091 879 1149; x_wconf 93' lang='lat' dir='ltr'>hoc</span> <span class='ocrx_word' id='word_1_90' title='bbox 893 1098 925 1150; x_wconf 89' lang='lat' dir='ltr'>tu</span> <span class='ocrx_word' id='word_1_91' title='bbox 940 1091 1010 1169; x_wconf 87' lang='lat' dir='ltr'>ipse,</span> 
     </span>
     <span class='ocr_line' id='line_1_14' title="bbox 170 1171 1011 1248; baseline -0.002 -20"><span class='ocrx_word' id='word_1_92' title='bbox 170 1171 202 1228; x_wconf 90' lang='lat' dir='ltr'>in</span> <span class='ocrx_word' id='word_1_93' title='bbox 221 1180 409 1248; x_wconf 69' lang='lat' dir='ltr'>quosumma</span> <span class='ocrx_word' id='word_1_94' title='bbox 427 1178 471 1229; x_wconf 90' lang='lat' dir='ltr'>cst</span> <span class='ocrx_word' id='word_1_95' title='bbox 488 1171 622 1248; x_wconf 83' lang='lat' dir='ltr'>dignitas,</span> <span class='ocrx_word' id='word_1_96' title='bbox 637 1179 697 1228; x_wconf 88' lang='lat' dir='ltr'>non</span> <span class='ocrx_word' id='word_1_97' title='bbox 715 1189 815 1228; x_wconf 85' lang='lat' dir='ltr'>servas.</span> <span class='ocrx_word' id='word_1_98' title='bbox 857 1171 917 1228; x_wconf 83' lang='lat' dir='ltr'>Cur</span> <span class='ocrx_word' id='word_1_99' title='bbox 934 1171 1011 1228; x_wconf 88' lang='lat' dir='ltr'>enim</span> 
     </span>
     <span class='ocr_line' id='line_1_15' title="bbox 172 1249 1012 1328; baseline -0.001 -21"><span class='ocrx_word' id='word_1_100' title='bbox 172 1263 353 1328; x_wconf 86' lang='lat' dir='ltr'>quemquam,</span> <span class='ocrx_word' id='word_1_101' title='bbox 372 1257 406 1308; x_wconf 91' lang='lat' dir='ltr'>ut</span> <span class='ocrx_word' id='word_1_102' title='bbox 433 1250 547 1309; x_wconf 87' lang='lat' dir='ltr'>studeat</span> <span class='ocrx_word' id='word_1_103' title='bbox 569 1250 633 1322; x_wconf 87' lang='lat' dir='ltr'>tibi,</span> <span class='ocrx_word' id='word_1_104' title='bbox 651 1255 686 1307; x_wconf 90' lang='lat' dir='ltr'>ut</span> <span class='ocrx_word' id='word_1_105' title='bbox 711 1256 741 1306; x_wconf 90' lang='lat' dir='ltr'>te</span> <span class='ocrx_word' id='word_1_106' title='bbox 768 1249 891 1321; x_wconf 87' lang='lat' dir='ltr'>adiuvet,</span> <span class='ocrx_word' id='word_1_107' title='bbox 910 1249 1012 1326; x_wconf 80' lang='lat' dir='ltr'>regesi</span> 
     </span>
     <span class='ocr_line' id='line_1_16' title="bbox 172 1328 1012 1407; baseline -0.002 -21"><span class='ocrx_word' id='word_1_108' title='bbox 172 1329 268 1407; x_wconf 84' lang='lat' dir='ltr'>Rogas</span> <span class='ocrx_word' id='word_1_109' title='bbox 281 1336 315 1388; x_wconf 90' lang='lat' dir='ltr'>tu</span> <span class='ocrx_word' id='word_1_110' title='bbox 331 1349 385 1401; x_wconf 90' lang='lat' dir='ltr'>me,</span> <span class='ocrx_word' id='word_1_111' title='bbox 396 1336 431 1387; x_wconf 90' lang='lat' dir='ltr'>ut</span> <span class='ocrx_word' id='word_1_112' title='bbox 443 1329 516 1387; x_wconf 93' lang='lat' dir='ltr'>mihi</span> <span class='ocrx_word' id='word_1_113' title='bbox 530 1329 645 1406; x_wconf 88' lang='lat' dir='ltr'>praesis,</span> <span class='ocrx_word' id='word_1_114' title='bbox 656 1335 689 1386; x_wconf 93' lang='lat' dir='ltr'>ut</span> <span class='ocrx_word' id='word_1_115' title='bbox 703 1328 882 1386; x_wconf 81' lang='lat' dir='ltr'>committam</span> <span class='ocrx_word' id='word_1_116' title='bbox 897 1346 951 1404; x_wconf 88' lang='lat' dir='ltr'>ego</span> <span class='ocrx_word' id='word_1_117' title='bbox 965 1346 1012 1384; x_wconf 91' lang='lat' dir='ltr'>me</span> 
     </span>
     <span class='ocr_line' id='line_1_17' title="bbox 171 1407 1012 1484; baseline -0.004 -17"><span class='ocrx_word' id='word_1_118' title='bbox 171 1408 233 1467; x_wconf 88' lang='lat' dir='ltr'>tibi.</span> <span class='ocrx_word' id='word_1_119' title='bbox 269 1407 347 1478; x_wconf 78' lang='lat' dir='ltr'>Quid</span> <span class='ocrx_word' id='word_1_120' title='bbox 360 1409 495 1470; x_wconf 66' lang='lat' dir='ltr'>tandem?</span> <span class='ocrx_word' id='word_1_121' title='bbox 521 1407 670 1466; x_wconf 39' lang='lat' dir='ltr'>,Istucme</span> <span class='ocrx_word' id='word_1_122' title='bbox 683 1407 777 1484; x_wconf 86' lang='lat' dir='ltr'>rogari</span> <span class='ocrx_word' id='word_1_123' title='bbox 791 1413 906 1484; x_wconf 86' lang='lat' dir='ltr'>oportet</span> <span class='ocrx_word' id='word_1_124' title='bbox 919 1407 969 1464; x_wconf 89' lang='lat' dir='ltr'>abs</span> <span class='ocrx_word' id='word_1_125' title='bbox 982 1413 1012 1464; x_wconf 87' lang='lat' dir='ltr'>te</span> 
     </span>
    </p>
   </div>
   <div class='ocr_carea' id='block_1_3' title="bbox 66 1486 1012 1565">
    <p class='ocr_par' dir='ltr' id='par_1_3' title="bbox 66 1486 1012 1565">
     <span class='ocr_line' id='line_1_18' title="bbox 66 1486 1012 1565; baseline -0.004 -18"><span class='ocrx_word' id='word_1_126' title='bbox 66 1503 70 1511; x_wconf 86' lang='lat'>·</span> <span class='ocrx_word' id='word_1_127' title='bbox 172 1507 208 1546; x_wconf 90' lang='lat' dir='ltr'>an</span> <span class='ocrx_word' id='word_1_128' title='bbox 225 1495 254 1546; x_wconf 89' lang='lat' dir='ltr'>te</span> <span class='ocrx_word' id='word_1_129' title='bbox 271 1488 370 1565; x_wconf 88' lang='lat' dir='ltr'>potius</span> <span class='ocrx_word' id='word_1_130' title='bbox 384 1507 402 1546; x_wconf 85' lang='lat' dir='ltr'>a</span> <span class='ocrx_word' id='word_1_131' title='bbox 414 1507 473 1559; x_wconf 91' lang='lat' dir='ltr'>me,</span> <span class='ocrx_word' id='word_1_132' title='bbox 482 1494 520 1547; x_wconf 70' lang='lat' dir='ltr'>,ut</span> <span class='ocrx_word' id='word_1_133' title='bbox 536 1505 589 1564; x_wconf 90' lang='lat' dir='ltr'>pro</span> <span class='ocrx_word' id='word_1_134' title='bbox 607 1506 672 1544; x_wconf 92' lang='lat' dir='ltr'>mea</span> <span class='ocrx_word' id='word_1_135' title='bbox 690 1487 780 1544; x_wconf 85' lang='lat' dir='ltr'>salute</span> <span class='ocrx_word' id='word_1_136' title='bbox 796 1486 922 1544; x_wconf 87' lang='lat' dir='ltr'>laborem</span> <span class='ocrx_word' id='word_1_137' title='bbox 940 1487 1012 1563; x_wconf 90' lang='lat' dir='ltr'>peri·</span> 
     </span>
    </p>
   </div>
   <div class='ocr_carea' id='block_1_4' title="bbox 171 1563 1012 1961">
    <p class='ocr_par' dir='ltr' id='par_1_4' title="bbox 171 1563 1012 1961">
     <span class='ocr_line' id='line_1_19' title="bbox 172 1563 1012 1645; baseline -0.006 -19"><span class='ocrx_word' id='word_1_138' title='bbox 172 1567 325 1645; x_wconf 79' lang='lat' dir='ltr'>columque</span> <span class='ocrx_word' id='word_1_139' title='bbox 352 1567 507 1645; x_wconf 63' lang='lat' dir='ltr'>suscipias?</span> <span class='ocrx_word' id='word_1_140' title='bbox 552 1566 598 1624; x_wconf 80' lang='grc'>77.</span> <span class='ocrx_word' id='word_1_141' title='bbox 624 1565 719 1635; x_wconf 78' lang='lat' dir='ltr'>Quidt</span> <span class='ocrx_word' id='word_1_142' title='bbox 746 1565 825 1642; x_wconf 91' lang='lat' dir='ltr'>quod</span> <span class='ocrx_word' id='word_1_143' title='bbox 848 1563 936 1623; x_wconf 83' lang='lat' dir='ltr'>habes</span> <span class='ocrx_word' id='word_1_144' title='bbox 962 1583 1012 1622; x_wconf 81' lang='lat' dir='ltr'>no</span> 
     </span>
     <span class='ocr_line' id='line_1_20' title="bbox 171 1643 1011 1726; baseline -0.002 -24"><span class='ocrx_word' id='word_1_145' title='bbox 171 1646 383 1719; x_wconf 88' lang='lat' dir='ltr'>menclatorem,</span> <span class='ocrx_word' id='word_1_146' title='bbox 398 1647 428 1704; x_wconf 90' lang='lat' dir='ltr'>in</span> <span class='ocrx_word' id='word_1_147' title='bbox 448 1660 482 1704; x_wconf 87' lang='lat' dir='ltr'>eo</span> <span class='ocrx_word' id='word_1_148' title='bbox 501 1646 618 1724; x_wconf 88' lang='lat' dir='ltr'>quidem</span> <span class='ocrx_word' id='word_1_149' title='bbox 637 1645 713 1703; x_wconf 86' lang='lat' dir='ltr'>fallis</span> <span class='ocrx_word' id='word_1_150' title='bbox 732 1651 761 1703; x_wconf 90' lang='lat' dir='ltr'>et</span> <span class='ocrx_word' id='word_1_151' title='bbox 777 1645 893 1726; x_wconf 88' lang='lat' dir='ltr'>decipis.</span> <span class='ocrx_word' id='word_1_152' title='bbox 936 1643 1011 1700; x_wconf 89' lang='lat' dir='ltr'>Nam</span> 
     </span>
     <span class='ocr_line' id='line_1_21' title="bbox 172 1723 1010 1803; baseline -0.002 -21"><span class='ocrx_word' id='word_1_153' title='bbox 172 1725 196 1782; x_wconf 91' lang='lat' dir='ltr'>si</span> <span class='ocrx_word' id='word_1_154' title='bbox 212 1727 330 1784; x_wconf 87' lang='lat' dir='ltr'>nomine</span> <span class='ocrx_word' id='word_1_155' title='bbox 348 1725 484 1803; x_wconf 88' lang='lat' dir='ltr'>appellari</span> <span class='ocrx_word' id='word_1_156' title='bbox 500 1725 550 1783; x_wconf 89' lang='lat' dir='ltr'>abs</span> <span class='ocrx_word' id='word_1_157' title='bbox 566 1732 596 1782; x_wconf 90' lang='lat' dir='ltr'>te</span> <span class='ocrx_word' id='word_1_158' title='bbox 614 1725 690 1783; x_wconf 87' lang='lat' dir='ltr'>cives</span> <span class='ocrx_word' id='word_1_159' title='bbox 705 1731 771 1782; x_wconf 87' lang='lat' dir='ltr'>tuos</span> <span class='ocrx_word' id='word_1_160' title='bbox 787 1723 940 1782; x_wconf 90' lang='lat' dir='ltr'>honestum</span> <span class='ocrx_word' id='word_1_161' title='bbox 959 1729 1010 1794; x_wconf 87' lang='lat' dir='ltr'>est,</span> 
     </span>
     <span class='ocr_line' id='line_1_22' title="bbox 171 1801 1010 1881; baseline -0.004 -19"><span class='ocrx_word' id='word_1_162' title='bbox 171 1811 255 1881; x_wconf 85' lang='lat' dir='ltr'>turpe</span> <span class='ocrx_word' id='word_1_163' title='bbox 269 1811 312 1862; x_wconf 92' lang='lat' dir='ltr'>est</span> <span class='ocrx_word' id='word_1_164' title='bbox 322 1825 372 1862; x_wconf 90' lang='lat' dir='ltr'>eos</span> <span class='ocrx_word' id='word_1_165' title='bbox 384 1805 511 1863; x_wconf 79' lang='lat' dir='ltr'>notiores</span> <span class='ocrx_word' id='word_1_166' title='bbox 525 1823 585 1862; x_wconf 83' lang='lat' dir='ltr'>esse</span> <span class='ocrx_word' id='word_1_167' title='bbox 599 1823 679 1862; x_wconf 91' lang='lat' dir='ltr'>servo</span> <span class='ocrx_word' id='word_1_168' title='bbox 693 1811 745 1862; x_wconf 89' lang='lat' dir='ltr'>tuo</span> <span class='ocrx_word' id='word_1_169' title='bbox 756 1822 842 1880; x_wconf 88' lang='lat' dir='ltr'>quam</span> <span class='ocrx_word' id='word_1_170' title='bbox 852 1803 914 1860; x_wconf 87' lang='lat' dir='ltr'>tibi.</span> <span class='ocrx_word' id='word_1_171' title='bbox 950 1801 1010 1874; x_wconf 83' lang='lat' dir='ltr'>sin,</span> 
     </span>
     <span class='ocr_line' id='line_1_23' title="bbox 172 1881 1010 1961; baseline -0.002 -21"><span class='ocrx_word' id='word_1_172' title='bbox 172 1883 259 1941; x_wconf 91' lang='lat' dir='ltr'>etiam</span> <span class='ocrx_word' id='word_1_173' title='bbox 273 1884 298 1940; x_wconf 81' lang='lat' dir='ltr'>si</span> <span class='ocrx_word' id='word_1_174' title='bbox 312 1885 397 1955; x_wconf 89' lang='lat' dir='ltr'>noris,</span> <span class='ocrx_word' id='word_1_175' title='bbox 407 1891 504 1942; x_wconf 84' lang='lat' dir='ltr'>tamen</span> <span class='ocrx_word' id='word_1_176' title='bbox 514 1903 566 1960; x_wconf 90' lang='lat' dir='ltr'>per</span> <span class='ocrx_word' id='word_1_177' title='bbox 575 1883 747 1941; x_wconf 89' lang='lat' dir='ltr'>monitorem</span> <span class='ocrx_word' id='word_1_178' title='bbox 762 1881 924 1961; x_wconf 88' lang='lat' dir='ltr'>appellandi</span> <span class='ocrx_word' id='word_1_179' title='bbox 935 1888 1010 1952; x_wconf 87' lang='lat' dir='ltr'>sunt,</span> 
     </span>
    </p>
   </div>
   <div class='ocr_carea' id='block_1_5' title="bbox 68 1960 1011 2039">
    <p class='ocr_par' dir='ltr' id='par_1_5' title="bbox 68 1960 1011 2039">
     <span class='ocr_line' id='line_1_24' title="bbox 68 1960 1011 2039; baseline -0.003 -19"><span class='ocrx_word' id='word_1_180' title='bbox 68 1972 70 1976; x_wconf 86' lang='lat'>&#39;</span> <span class='ocrx_word' id='word_1_181' title='bbox 173 1968 306 2036; x_wconf 80' lang='lat' dir='ltr'>curante</span> <span class='ocrx_word' id='word_1_182' title='bbox 325 1963 400 2038; x_wconf 89' lang='lat' dir='ltr'>petis</span> <span class='ocrx_word' id='word_1_183' title='bbox 418 1962 691 2039; x_wconf 81' lang='lat' dir='ltr'>quamimperavitl</span> <span class='ocrx_word' id='word_1_184' title='bbox 731 1961 827 2029; x_wconf 76' lang='lat' dir='ltr'>Quidr</span> <span class='ocrx_word' id='word_1_185' title='bbox 849 1960 1011 2037; x_wconf 88' lang='lat' dir='ltr'>quodcum</span> 
     </span>
    </p>
   </div>
   <div class='ocr_carea' id='block_1_6' title="bbox 172 2039 1013 3223">
    <p class='ocr_par' dir='ltr' id='par_1_6' title="bbox 172 2039 1013 2809">
     <span class='ocr_line' id='line_1_25' title="bbox 173 2039 1010 2117; baseline -0.002 -19"><span class='ocrx_word' id='word_1_186' title='bbox 173 2040 342 2110; x_wconf 86' lang='lat' dir='ltr'>admoneris,</span> <span class='ocrx_word' id='word_1_187' title='bbox 352 2047 457 2112; x_wconf 86' lang='lat' dir='ltr'>tamen,</span> <span class='ocrx_word' id='word_1_188' title='bbox 467 2041 547 2117; x_wconf 87' lang='lat' dir='ltr'>quasi</span> <span class='ocrx_word' id='word_1_189' title='bbox 556 2047 619 2098; x_wconf 89' lang='lat' dir='ltr'>tute</span> <span class='ocrx_word' id='word_1_190' title='bbox 630 2041 715 2111; x_wconf 91' lang='lat' dir='ltr'>noris,</span> <span class='ocrx_word' id='word_1_191' title='bbox 725 2041 766 2096; x_wconf 88' lang='lat' dir='ltr'>ita</span> <span class='ocrx_word' id='word_1_192' title='bbox 776 2040 898 2096; x_wconf 81' lang='lat' dir='ltr'>salutasl</span> <span class='ocrx_word' id='word_1_193' title='bbox 925 2039 1010 2110; x_wconf 83' lang='lat' dir='ltr'>Quid,</span> 
     </span>
     <span class='ocr_line' id='line_1_26' title="bbox 173 2117 1013 2197; baseline -0.001 -22"><span class='ocrx_word' id='word_1_194' title='bbox 173 2119 257 2192; x_wconf 77' lang='lat' dir='ltr'>quod,</span> <span class='ocrx_word' id='word_1_195' title='bbox 267 2125 368 2196; x_wconf 87' lang='lat' dir='ltr'>postea</span> <span class='ocrx_word' id='word_1_196' title='bbox 378 2139 464 2197; x_wconf 92' lang='lat' dir='ltr'>quam</span> <span class='ocrx_word' id='word_1_197' title='bbox 477 2138 507 2177; x_wconf 92' lang='lat' dir='ltr'>es</span> <span class='ocrx_word' id='word_1_198' title='bbox 517 2119 690 2196; x_wconf 86' lang='lat' dir='ltr'>designatus,</span> <span class='ocrx_word' id='word_1_199' title='bbox 700 2119 792 2176; x_wconf 92' lang='lat' dir='ltr'>multo</span> <span class='ocrx_word' id='word_1_200' title='bbox 807 2117 911 2175; x_wconf 87' lang='lat' dir='ltr'>salutas</span> <span class='ocrx_word' id='word_1_201' title='bbox 924 2119 1013 2194; x_wconf 87' lang='lat' dir='ltr'>negli-</span> 
     </span>
     <span class='ocr_line' id='line_1_27' title="bbox 172 2196 1013 2275; baseline -0.004 -19"><span class='ocrx_word' id='word_1_202' title='bbox 172 2198 305 2275; x_wconf 80' lang='lat' dir='ltr'>gentiusl</span> <span class='ocrx_word' id='word_1_203' title='bbox 345 2198 425 2256; x_wconf 87' lang='lat' dir='ltr'>Haec</span> <span class='ocrx_word' id='word_1_204' title='bbox 442 2198 540 2256; x_wconf 90' lang='lat' dir='ltr'>omnia</span> <span class='ocrx_word' id='word_1_205' title='bbox 555 2199 593 2256; x_wconf 86' lang='lat' dir='ltr'>ad</span> <span class='ocrx_word' id='word_1_206' title='bbox 608 2199 748 2256; x_wconf 89' lang='lat' dir='ltr'>rationem</span> <span class='ocrx_word' id='word_1_207' title='bbox 765 2197 889 2254; x_wconf 88' lang='lat' dir='ltr'>civitatis</span> <span class='ocrx_word' id='word_1_208' title='bbox 906 2197 930 2253; x_wconf 90' lang='lat' dir='ltr'>si</span> <span class='ocrx_word' id='word_1_209' title='bbox 946 2196 1013 2254; x_wconf 90' lang='lat' dir='ltr'>diri-</span> 
     </span>
     <span class='ocr_line' id='line_1_28' title="bbox 172 2275 1013 2354; baseline -0.001 -20"><span class='ocrx_word' id='word_1_210' title='bbox 172 2297 232 2354; x_wconf 87' lang='lat' dir='ltr'>gas,</span> <span class='ocrx_word' id='word_1_211' title='bbox 247 2284 324 2335; x_wconf 89' lang='lat' dir='ltr'>reota</span> <span class='ocrx_word' id='word_1_212' title='bbox 339 2283 422 2335; x_wconf 89' lang='lat' dir='ltr'>sunt:</span> <span class='ocrx_word' id='word_1_213' title='bbox 444 2277 488 2334; x_wconf 90' lang='lat' dir='ltr'>sin</span> <span class='ocrx_word' id='word_1_214' title='bbox 505 2277 680 2353; x_wconf 87' lang='lat' dir='ltr'>perpendere</span> <span class='ocrx_word' id='word_1_215' title='bbox 698 2276 735 2334; x_wconf 89' lang='lat' dir='ltr'>ad</span> <span class='ocrx_word' id='word_1_216' title='bbox 751 2275 918 2352; x_wconf 87' lang='lat' dir='ltr'>disciplinae</span> <span class='ocrx_word' id='word_1_217' title='bbox 934 2293 1013 2352; x_wconf 87' lang='lat' dir='ltr'>prae-</span> 
     </span>
     <span class='ocr_line' id='line_1_29' title="bbox 173 2353 1012 2434; baseline -0.004 -20"><span class='ocrx_word' id='word_1_218' title='bbox 173 2364 256 2433; x_wconf 87' lang='lat' dir='ltr'>cepta</span> <span class='ocrx_word' id='word_1_219' title='bbox 266 2357 343 2428; x_wconf 89' lang='lat' dir='ltr'>velis,</span> <span class='ocrx_word' id='word_1_220' title='bbox 353 2357 529 2434; x_wconf 82' lang='lat' dir='ltr'>reperiantur</span> <span class='ocrx_word' id='word_1_221' title='bbox 542 2355 715 2432; x_wconf 89' lang='lat' dir='ltr'>pravissima</span> <span class='ocrx_word' id='word_1_222' title='bbox 751 2355 815 2423; x_wconf 77' lang='lat' dir='ltr'>Qua</span> <span class='ocrx_word' id='word_1_223' title='bbox 828 2373 858 2412; x_wconf 90' lang='lat' dir='ltr'>re</span> <span class='ocrx_word' id='word_1_224' title='bbox 871 2373 923 2412; x_wconf 89' lang='lat' dir='ltr'>nec</span> <span class='ocrx_word' id='word_1_225' title='bbox 934 2353 1012 2432; x_wconf 90' lang='lat' dir='ltr'>plebi</span> 
     </span>
     <span class='ocr_line' id='line_1_30' title="bbox 173 2433 1013 2513; baseline -0.002 -21"><span class='ocrx_word' id='word_1_226' title='bbox 173 2435 319 2494; x_wconf 87' lang='lat' dir='ltr'>Romanae</span> <span class='ocrx_word' id='word_1_227' title='bbox 334 2435 474 2513; x_wconf 86' lang='lat' dir='ltr'>eripiendi</span> <span class='ocrx_word' id='word_1_228' title='bbox 486 2435 598 2494; x_wconf 85' lang='lat' dir='ltr'>fructus</span> <span class='ocrx_word' id='word_1_229' title='bbox 611 2434 659 2492; x_wconf 89' lang='lat' dir='ltr'>isti</span> <span class='ocrx_word' id='word_1_230' title='bbox 673 2440 740 2491; x_wconf 88' lang='lat' dir='ltr'>sunt</span> <span class='ocrx_word' id='word_1_231' title='bbox 754 2434 895 2504; x_wconf 87' lang='lat' dir='ltr'>ludorum,</span> <span class='ocrx_word' id='word_1_232' title='bbox 906 2433 1013 2511; x_wconf 85' lang='lat' dir='ltr'>gladia-</span> 
     </span>
     <span class='ocr_line' id='line_1_31' title="bbox 172 2513 1013 2591; baseline -0.004 -19"><span class='ocrx_word' id='word_1_233' title='bbox 172 2520 277 2585; x_wconf 80' lang='lat' dir='ltr'>torum,</span> <span class='ocrx_word' id='word_1_234' title='bbox 287 2516 491 2585; x_wconf 88' lang='lat' dir='ltr'>conviviorum,</span> <span class='ocrx_word' id='word_1_235' title='bbox 501 2534 574 2591; x_wconf 88' lang='lat' dir='ltr'>quae</span> <span class='ocrx_word' id='word_1_236' title='bbox 588 2514 685 2572; x_wconf 89' lang='lat' dir='ltr'>omnia</span> <span class='ocrx_word' id='word_1_237' title='bbox 698 2513 819 2570; x_wconf 88' lang='lat' dir='ltr'>maiores</span> <span class='ocrx_word' id='word_1_238' title='bbox 832 2513 923 2570; x_wconf 87' lang='lat' dir='ltr'>nostri</span> <span class='ocrx_word' id='word_1_239' title='bbox 936 2532 1013 2570; x_wconf 90' lang='lat' dir='ltr'>com·</span> 
     </span>
     <span class='ocr_line' id='line_1_32' title="bbox 172 2591 1013 2670; baseline -0.002 -20"><span class='ocrx_word' id='word_1_240' title='bbox 172 2596 350 2670; x_wconf 87' lang='lat' dir='ltr'>paraverunt,</span> <span class='ocrx_word' id='word_1_241' title='bbox 366 2612 418 2652; x_wconf 89' lang='lat' dir='ltr'>nec</span> <span class='ocrx_word' id='word_1_242' title='bbox 435 2593 595 2652; x_wconf 82' lang='lat' dir='ltr'>candidatis</span> <span class='ocrx_word' id='word_1_243' title='bbox 610 2594 666 2650; x_wconf 89' lang='lat' dir='ltr'>ista</span> <span class='ocrx_word' id='word_1_244' title='bbox 681 2591 843 2669; x_wconf 82' lang='lat' dir='ltr'>benignitas</span> <span class='ocrx_word' id='word_1_245' title='bbox 860 2592 1013 2650; x_wconf 83' lang='lat' dir='ltr'>adimenda</span> 
     </span>
     <span class='ocr_line' id='line_1_33' title="bbox 173 2670 1012 2750; baseline -0.004 -20"><span class='ocrx_word' id='word_1_246' title='bbox 173 2679 224 2744; x_wconf 87' lang='lat' dir='ltr'>est,</span> <span class='ocrx_word' id='word_1_247' title='bbox 235 2691 306 2749; x_wconf 87' lang='lat' dir='ltr'>quae</span> <span class='ocrx_word' id='word_1_248' title='bbox 319 2671 518 2732; x_wconf 85' lang='lat' dir='ltr'>liberalitatem</span> <span class='ocrx_word' id='word_1_249' title='bbox 531 2673 623 2750; x_wconf 83' lang='lat' dir='ltr'>magis</span> <span class='ocrx_word' id='word_1_250' title='bbox 637 2670 778 2748; x_wconf 86' lang='lat' dir='ltr'>significat</span> <span class='ocrx_word' id='word_1_251' title='bbox 789 2690 875 2749; x_wconf 86' lang='lat' dir='ltr'>quam</span> <span class='ocrx_word' id='word_1_252' title='bbox 887 2670 1012 2747; x_wconf 83' lang='lat' dir='ltr'>largitio</span> 
     </span>
     <span class='ocr_line' id='line_1_34' title="bbox 172 2770 247 2809; baseline 0.027 -3"><span class='ocrx_word' id='word_1_253' title='bbox 172 2770 247 2809; x_wconf 89' lang='lat' dir='ltr'>nem.</span> 
     </span>
    </p>

    <p class='ocr_par' dir='ltr' id='par_1_7' title="bbox 172 2827 1012 3223">
     <span class='ocr_line' id='line_1_35' title="bbox 212 2827 1011 2888; baseline -0.003 0"><span class='ocrx_word' id='word_1_254' title='bbox 212 2828 371 2888; x_wconf 88' lang='lat' dir='ltr'>XXXVII.</span> <span class='ocrx_word' id='word_1_255' title='bbox 415 2827 432 2887; x_wconf 77' lang='grc'><strong>7</strong></span> <span class='ocrx_word' id='word_1_256' title='bbox 435 2835 460 2888; x_wconf 88' lang='grc'>8.</span> <span class='ocrx_word' id='word_1_257' title='bbox 483 2828 525 2887; x_wconf 88' lang='grc' dir='ltr'>Αι</span> <span class='ocrx_word' id='word_1_258' title='bbox 545 2830 622 2888; x_wconf 90' lang='lat' dir='ltr'>enim</span> <span class='ocrx_word' id='word_1_259' title='bbox 646 2836 675 2888; x_wconf 87' lang='lat' dir='ltr'>te</span> <span class='ocrx_word' id='word_1_260' title='bbox 699 2829 736 2888; x_wconf 88' lang='lat' dir='ltr'>ad</span> <span class='ocrx_word' id='word_1_261' title='bbox 756 2829 947 2888; x_wconf 87' lang='lat' dir='ltr'>accusandum</span> <span class='ocrx_word' id='word_1_262' title='bbox 967 2847 1011 2886; x_wconf 88' lang='lat' dir='ltr'>res</span> 
     </span>
     <span class='ocr_line' id='line_1_36' title="bbox 172 2907 1011 2986; baseline -0.004 -20"><span class='ocrx_word' id='word_1_263' title='bbox 172 2908 287 2986; x_wconf 87' lang='lat' dir='ltr'>publica</span> <span class='ocrx_word' id='word_1_264' title='bbox 303 2908 430 2968; x_wconf 83' lang='lat' dir='ltr'>adduxit.</span> <span class='ocrx_word' id='word_1_265' title='bbox 473 2907 576 2980; x_wconf 83' lang='lat' dir='ltr'>Credo,</span> <span class='ocrx_word' id='word_1_266' title='bbox 591 2909 672 2980; x_wconf 83' lang='lat' dir='ltr'>Cato,</span> <span class='ocrx_word' id='word_1_267' title='bbox 686 2916 717 2968; x_wconf 89' lang='lat' dir='ltr'>te</span> <span class='ocrx_word' id='word_1_268' title='bbox 735 2909 792 2967; x_wconf 88' lang='lat' dir='ltr'>isto</span> <span class='ocrx_word' id='word_1_269' title='bbox 811 2909 908 2966; x_wconf 88' lang='lat' dir='ltr'>animo</span> <span class='ocrx_word' id='word_1_270' title='bbox 925 2914 1011 2984; x_wconf 88' lang='lat' dir='ltr'>atque</span> 
     </span>
     <span class='ocr_line' id='line_1_37' title="bbox 173 2986 1009 3067; baseline -0.002 -21"><span class='ocrx_word' id='word_1_271' title='bbox 173 3007 207 3045; x_wconf 89' lang='lat' dir='ltr'>ea</span> <span class='ocrx_word' id='word_1_272' title='bbox 233 2989 369 3065; x_wconf 88' lang='lat' dir='ltr'>opinione</span> <span class='ocrx_word' id='word_1_273' title='bbox 384 2988 522 3046; x_wconf 82' lang='lat' dir='ltr'>¹venisse:</span> <span class='ocrx_word' id='word_1_274' title='bbox 551 2988 600 3046; x_wconf 91' lang='lat' dir='ltr'>sed</span> <span class='ocrx_word' id='word_1_275' title='bbox 622 2995 656 3046; x_wconf 89' lang='lat' dir='ltr'>tu</span> <span class='ocrx_word' id='word_1_276' title='bbox 683 2988 877 3067; x_wconf 87' lang='lat' dir='ltr'>imprudentia</span> <span class='ocrx_word' id='word_1_277' title='bbox 899 2986 1009 3044; x_wconf 88' lang='lat' dir='ltr'>laberis.</span> 
     </span>
     <span class='ocr_line' id='line_1_38' title="bbox 173 3065 1011 3148; baseline -0.002 -24"><span class='ocrx_word' id='word_1_278' title='bbox 173 3066 237 3144; x_wconf 85' lang='lat' dir='ltr'>Ego</span> <span class='ocrx_word' id='word_1_279' title='bbox 252 3067 330 3144; x_wconf 91' lang='lat' dir='ltr'>quod</span> <span class='ocrx_word' id='word_1_280' title='bbox 343 3067 428 3138; x_wconf 86' lang='lat' dir='ltr'>facio,</span> <span class='ocrx_word' id='word_1_281' title='bbox 440 3067 556 3138; x_wconf 88' lang='lat' dir='ltr'>iudices,</span> <span class='ocrx_word' id='word_1_282' title='bbox 568 3086 634 3134; x_wconf 79' lang='lat' dir='ltr'>cum</span> <span class='ocrx_word' id='word_1_283' title='bbox 648 3067 790 3148; x_wconf 64' lang='lat' dir='ltr'>amicitiae</span> <span class='ocrx_word' id='word_1_284' title='bbox 804 3065 1011 3142; x_wconf 86' lang='lat' dir='ltr'>dignitatisque</span> 
     </span>
     <span class='ocr_line' id='line_1_39' title="bbox 174 3143 1012 3223; baseline -0.005 -21"><span class='ocrx_word' id='word_1_285' title='bbox 174 3143 205 3202; x_wconf 81' lang='lat' dir='ltr'>L</span> <span class='ocrx_word' id='word_1_286' title='bbox 221 3145 355 3204; x_wconf 89' lang='lat' dir='ltr'>Murenae</span> <span class='ocrx_word' id='word_1_287' title='bbox 373 3147 465 3223; x_wconf 87' lang='lat' dir='ltr'>gratia</span> <span class='ocrx_word' id='word_1_288' title='bbox 484 3146 569 3217; x_wconf 86' lang='lat' dir='ltr'>facio,</span> <span class='ocrx_word' id='word_1_289' title='bbox 580 3152 643 3202; x_wconf 88' lang='lat' dir='ltr'>tum</span> <span class='ocrx_word' id='word_1_290' title='bbox 662 3164 709 3202; x_wconf 90' lang='lat' dir='ltr'>me</span> <span class='ocrx_word' id='word_1_291' title='bbox 725 3143 811 3220; x_wconf 84' lang='lat' dir='ltr'>pacis,</span> <span class='ocrx_word' id='word_1_292' title='bbox 824 3145 885 3213; x_wconf 86' lang='lat' dir='ltr'>otii,</span> <span class='ocrx_word' id='word_1_293' title='bbox 897 3161 1012 3199; x_wconf 89' lang='lat' dir='ltr'>concor-</span> 
     </span>
    </p>
   </div>
   <div class='ocr_carea' id='block_1_7' title="bbox 0 0 1140 3418">
    <p class='ocr_par' dir='ltr' id='par_1_8' title="bbox 0 0 1140 3418">
     <span class='ocr_line' id='line_1_40' title="bbox 0 0 1140 3418; baseline 0 0"><span class='ocrx_word' id='word_1_294' title='bbox 0 0 1140 3418; x_wconf 95' lang='lat' dir='ltr'> </span> 
     </span>
    </p>
   </div>
  </div>
 </body>
</html>
