2262 3418
305 125 383 181 CAP.
400 129 552 192 XXXVII,
566 129 721 180 XXXVIII.
727 129 869 191 ,MS-83.
959 131 1008 180 113

170 253 252 292 meus
273 233 452 290 consulatus:
478 230 568 288 nolite
590 230 663 287 mihi
685 229 897 307 subtrahere'
870 229 1007 287 vrcarium

170 332 251 371 meae
264 311 445 404 diligentiae:
466 309 556 368 nolite
573 309 697 367 adimere
714 327 788 381 eum,
800 308 847 366 cui
863 327 924 366 rem
937 309 1010 386 pub*

170 393 254 450 licam
265 391 350 468 cupio
351 385 475 448 tradere
485 388 666 461 incolumem,
674 387 711 446 ab
720 387 767 446 his
776 389 864 446 tantis
874 388 1008 466 periculis

170 470 388 530 defendendam.

209 549 384 608 XXXVIII
436 553 481 606 81.
493 546 602 626 Atque
629 547 666 604 ad
687 546 757 604 haec
783 546 866 618 mala,
889 547 1007 619 iudices,

171 630 241 708 quid
257 630 372 688 accedat
388 627 466 685 aliud
480 647 538 685 non
556 627 676 684 videtisl
716 625 766 698 Te,
777 633 807 684 te
823 626 944 703 appelle,
956 626 1008 684 Oa

169 717 218 767 to:
245 729 341 766 nonne
365 707 505 785 prospicis
528 712 728 798 tempestatem
752 705 820 763 anni
843 705 905 762 tuit
945 706 1008 764 Iam

169 789 247 846 enim
263 789 395 846 hesterna
413 787 547 845 contione
565 785 693 844 intonuit
710 804 766 842 vox
785 784 945 862 perniciosa
961 785 1008 842 de·

169 868 274 945 signati
294 867 410 937 tribuni,
428 865 561 944 collegae
572 865 633 922 tui:
658 870 758 922 contra
778 883 863 942 quem
883 864 1008 923 multum

168 953 219 1004 tua
238 966 326 1018 mens,
345 946 469 1004 multum
490 963 589 1003 omnes
607 945 678 1002 boni
697 944 892 1022 providerunt,
908 944 958 1021 qui
978 951 1008 1002 te

169 1026 206 1082 ad
225 991 387 1083 triburiatus
410 1025 581 1117 petitionem
600 1030 780 1082 vocaverunt.
824 1029 869 1082 82.
892 1023 1006 1096 Omnia,

170 1123 242 1181 quae
255 1123 307 1179 per
319 1104 375 1161 hoc
389 1104 546 1161 triennium
560 1103 667 1177 agitata
681 1103 775 1173 sunt,
767 1122 824 1159 ram
839 1103 875 1160 ab
889 1122 924 1160 ec
937 1110 1008 1160 tem-

169 1202 247 1259 pore,
260 1202 317 1268 quo
336 1202 354 1239 a
371 1182 402 1239 L
415 1180 539 1239 Catilina
557 1188 586 1239 et
602 1180 654 1238 On,
668 1145 774 1238 Pisorie
792 1182 897 1240 initum
917 1182 1009 1239 consi-

138 1305 141 1312 .
169 1261 241 1318 lium
261 1259 374 1318 seriatus
392 1259 581 1318 interficiendi
598 1259 677 1317 scitis
696 1279 764 1331 esse,
776 1261 807 1316 iu
825 1259 880 1316 hos
895 1259 984 1332 dieas
977 1279 1007 1317 1n

168 1340 222 1398 hos
242 1360 361 1413 menses,
379 1341 409 1396 in
430 1339 485 1398 hoc
508 1347 623 1415 tempus
647 1345 809 1416 erumpunt.
852 1337 909 1407 Qui
928 1338 1008 1397 locus

168 1427 219 1492 est,
238 1421 354 1492 iudices,
370 1419 448 1512 quod
468 1426 595 1496 tempus,
607 1419 659 1497 qui
678 1419 747 1490 dies,
764 1437 836 1496 quae
856 1437 923 1490 nox,
941 1437 1008 1476 cum

167 1518 222 1576 ego
239 1519 299 1557 non
317 1519 352 1557 ex
371 1500 491 1557 istorum
510 1499 621 1556 insidiis
637 1519 670 1556 ac
688 1497 873 1556 mucronibus
889 1517 948 1555 non
964 1517 1008 1556 so

167 1578 228 1636 lum
244 1599 318 1650 meo,
331 1579 381 1637 sed
394 1578 486 1636 multo
503 1578 590 1635 etiam
603 1579 699 1671 magis
710 1578 808 1636 divino
823 1577 942 1635 consilio
956 1578 1008 1635 cri·

167 1659 230 1736 piar
243 1664 329 1736 atque
343 1657 471 1717 evoleml
511 1657 612 1735 Neque
626 1659 675 1716 isti
689 1676 735 1714 me
752 1677 818 1715 meo
834 1657 952 1715 nomine
965 1657 1008 1714 in·

167 1737 266 1810 tonici,
278 1738 329 1795 aed
342 1737 509 1815 vigilantem
524 1738 669 1796 consulem
680 1738 716 1795 de
730 1738 771 1795 rei
785 1737 916 1814 publicae
929 1755 1007 1814 prae

168 1816 242 1874 sidio
260 1817 412 1874 demovere
431 1815 549 1875 volunt:
570 1836 622 1874 nec
642 1817 738 1874 minus
758 1815 871 1888 vellent,
883 1815 964 1888 Cato,
976 1823 1007 1874 te

168 1912 281 1973 quoque
302 1897 397 1974 aliqua
417 1897 534 1967 ratione,
550 1897 574 1952 si
592 1903 717 2030 possent,
732 1895 848 1954 tollere:
870 1895 901 1953 id
918 1895 1004 1973 quod,

168 1974 240 2031 mihi
254 1975 345 2047 crede,
355 1981 385 2032 et
398 1981 488 2052 agunt
502 1980 531 2032 et
544 1975 708 2032 moiuntur.
741 1975 852 2032 Vident
867 1982 1006 2052 quantum

167 2053 198 2110 in
211 2061 240 2111 te
257 2055 295 2112 sit
311 2055 408 2127 animi,
419 2060 558 2131 quantum
572 2053 689 2130 ingenii,
700 2061 839 2131 quantum
855 2054 1007 2112 auctorita-

167 2133 213 2204 tis,
226 2141 365 2209 quantum
382 2134 423 2191 rei
440 2132 571 2210 publicae
587 2133 738 2210 praesidii:
760 2132 810 2190 sed
824 2151 890 2190 cum
906 2152 1007 2190 consu·

167 2211 218 2268 lari
232 2213 401 2270 auctoritate
418 2219 447 2271 et
463 2211 569 2270 auxilio
584 2213 735 2288 spoliatam
748 2212 809 2269 vim
822 2211 1005 2269 tribuniciam

167 2291 298 2362 viderint,
314 2299 377 2348 tum
396 2311 426 2349 se
442 2291 581 2349 facilius
573 2310 711 2348 inermem
730 2297 760 2348 et
776 2290 907 2348 debilitat
895 2297 958 2348 tum
976 2298 1006 2348 te

84 2398 87 2403 ·
168 2387 357 2449 oppressuros
368 2371 547 2428 arbitrantur
590 2369 665 2427 Nam
682 2389 718 2426 ne
735 2369 891 2427 sufficiatur
906 2370 1005 2428 consul

166 2467 225 2505 non
239 2449 351 2506 timent
383 2449 514 2508 Vident'
506 2469 537 2506 111
551 2455 666 2512 tuorum
677 2455 820 2525 potestate
833 2448 1005 2541 collegamm

166 2527 246 2584 fore:
266 2535 381 2618 sperant
394 2528 449 2586 sibi
463 2529 600 2600 Silanum,
612 2528 760 2586 clarum
734 2547 836 2600 vuum,
848 2529 909 2586 sine
923 2528 1006 2587 colle

166 2623 211 2682 ga,
219 2607 281 2663 te
260 2625 321 2664 sine
335 2608 457 2679 consule,
467 2627 528 2666 rem
538 2607 715 2686 publicam'
694 2626 755 2665 sine
765 2608 907 2685 praesidio
919 2609 1005 2667 obiici

166 2704 257 2762 posse.
295 2692 341 2743 83.
356 2687 413 2744 Η11
426 2689 514 2745 tantis
527 2688 558 2744 in
572 2687 656 2745 rebus
669 2687 814 2764 tantisque
828 2687 859 2744 iu
872 2687 1006 2764 periculis

166 2771 211 2821 cst
223 2772 315 2836 tuum,
327 2765 366 2822 11
379 2765 460 2837 Cato,
473 2767 523 2844 qui
535 2766 609 2824 mihi
622 2785 681 2824 non
695 2765 758 2838 tibi,
770 2766 820 2824 sed
833 2767 942 2844 patriae
958 2785 1006 2823 na-

166 2850 213 2900 tus
229 2864 289 2902 1111
306 2809 418 2917 'videris
430 2845 525 2903 videre
542 2845 612 2938 quid
627 2853 736 2922 agatur,
750 2846 880 2917 retinere,
895 2845 1005 2902 adiuto-

166 2941 226 2980 rem
227 2924 433 2996 ,defensorem
444 2925 552 2982 socium
566 2925 597 2981 in
610 2943 640 2982 re
654 2924 776 3001 publica,
787 2890 931 2982 consulem
945 2943 1004 2982 non

166 2969 312 3080 cupidum,
323 3003 468 3062 consulem
470 3004 566 3081 ,quod
575 3005 700 3062 maxime
713 3010 828 3080 tempus
838 3003 894 3060 hoc
907 3010 1005 3079 postu-

165 3081 213 3153 lat,
223 3083 341 3140 fortuna
354 3084 543 3141 constitutum
557 3083 594 3140 ad
607 3082 828 3175 amplexandum
843 3083 1005 3154 0111111111-

166 3162 243 3219 entia
256 3162 293 3219 ad
306 3162 415 3221 bellum
427 3163 593 3241 gerendum,
603 3162 700 3220 animo
714 3168 744 3220 11
756 3181 810 3218 usu
823 3161 860 3218 ad
871 3161 1004 3239 quodve

167 3239 201 3297 lis
214 3242 371 3316 negotium.
