2240 3418
152 123 201 172 ara
225 122 266 173 ιιι
283 122 321 173 ιι.
336 81 530 200 aurorum
545 119 681 186 οιιιιιο
696 73 909 172 ιιιιιιιῖιιοι
924 121 962 174 11.

152 231 224 282 nota
244 222 358 281 multis:
384 222 513 294 Utinam,
533 220 582 280 Co.
596 216 724 296 Pompei,
739 241 804 280 cum
827 222 858 282 0.
873 223 991 288 Cessero

152 306 308 362 societatem
324 309 378 358 oct
393 321 552 376 numquam
566 305 663 360 coisses
679 309 733 359 αιιι
745 321 905 378 numquam
917 305 991 360 dirc-
1063 333 1067 340 ·

151 381 269 442 misses!
303 382 509 439 notescerem
522 382 991 456 pravitatc'acltcrumprudcntc'ac

147 459 226 520 ιιιιιὸ.
268 461 348 520 Haec
364 480 436 532 mea,
447 462 485 519 M.
495 461 616 533 Antoni,
629 481 741 539 semper
756 469 786 520 et
798 463 835 520 de
849 463 991 540 Pompeio

153 550 183 601 et
196 542 231 601 de
246 561 276 599 re
289 540 404 619 publica
417 541 536 598 consilia
548 542 682 599 fuerunt.
704 561 776 620 quae
789 561 814 599 ιι
805 542 990 614 valuissent,

153 642 198 680 res
218 621 334 700 publica
353 627 474 694 staret,t
474 641 495 678 u
461 621 569 680 ttuis
588 620 713 712 llagitiis,
725 629 883 708 egestate,
870 622 992 680 infamis

150 701 331 761 concidissea

193 781 246 839 XI
279 787 325 839 25.
337 779 396 838 Sed
408 779 479 838 haec
493 786 596 852 vetera,
607 779 679 839 illud
693 799 761 838 vero
774 761 879 852 recens,
891 779 992 838 Caesa·

152 880 213 919 rem
233 879 299 918 meo
320 859 440 918 consilio
461 860 653 918 interfectum.
696 859 758 917 Iam
778 879 877 918 vereor
877 850 992 939 ,patres

149 940 316 1018 conscripti,
327 959 371 1032 ne,
381 939 460 1018 quod
470 940 667 1018 turpissimum
678 947 730 1012 est,
738 940 991 1020 praevaricatorem

152 1020 227 1081 mihi
242 1021 409 1098 apposuisse
423 1019 521 1077 videar
520 1021 588 1097 ,qui
601 1040 649 1078 me
662 1039 723 1078 non
739 1019 832 1077 solum
845 1020 918 1078 meis
933 1020 992 1078 lau·

150 1101 237 1158 dibus
252 1106 372 1172 ornaret,
382 1099 432 1158 sed
443 1100 529 1158 etiam
544 1105 674 1159 oneraret
686 1099 793 1157 alicnis.
829 1098 901 1168 Quis
914 1100 992 1157 enim

92 1191 94 1196 ’
152 1200 250 1238 meum
264 1180 295 1237 in
309 1180 365 1238 ista
378 1180 513 1238 societate
528 1179 727 1256 gloriosissimi
740 1179 812 1237 facti
825 1197 930 1237 nomen
944 1198 993 1237 au·

153 1261 246 1319 divitl
274 1259 364 1318 Cuius
374 1266 469 1317 autem
471 1259 538 1338 ,qui
549 1259 579 1316 in
590 1278 624 1318 eo
635 1277 755 1317 numero
765 1259 875 1331 fuisset,
885 1277 992 1318 nomen

154 1347 198 1400 est
208 1339 401 1398 occultatum?
432 1339 614 1397 Occultatum
624 1338 709 1397 dicol
729 1339 810 1396 cuius
823 1358 881 1396 non
893 1339 993 1397 statim

154 1420 354 1498 divulgatuml
394 1418 488 1477 Citius
504 1419 626 1476 dixerim
641 1419 767 1476 iactasse
777 1437 807 1504 se
825 1418 945 1512 aliquos,
959 1426 994 1478 ut

149 1501 272 1558 -fuisse'
264 1519 295 1558 ιιι
316 1519 350 1557 ca
372 1499 507 1556 societate
527 1498 698 1569 viderentur,
716 1517 781 1556 curn
791 1497 911 1564 conscii
931 1517 993 1557 non

154 1580 284 1651 fuissent,
297 1598 382 1672 quarn
398 1585 432 1636 ut
449 1578 599 1656 quisquam
615 1577 700 1637 celari
713 1578 799 1637 vellet
800 1579 865 1658 qui
880 1579 992 1638 fuisset.

156 1665 201 1717 26.
214 1658 306 1727 Quam
318 1658 484 1716 verisimile
497 1677 583 1735 porro
597 1659 662 1716 cst
654 1677 684 1716 ιιι
697 1665 744 1717 ιοι
754 1648 920 1718 hominibus
930 1679 995 1736 par·

154 1739 208 1797 tim
227 1737 355 1796 obscuris
370 1737 476 1817 partim
497 1737 724 1797 adolescentibus
739 1739 884 1797 neminem
901 1739 996 1798 occul·

150 1826 217 1876 tant
205 1817 282 1876 tibus
301 1836 399 1875 meum
419 1836 526 1876 nornen
541 1817 629 1877 latere
644 1817 791 1897 potuisset
831 1819 993 1878 Etenim
969 1839 995 1878 ιι

154 1904 284 1956 auctores
303 1897 341 1954 ad
358 1897 535 1955 liberandam
553 1898 674 1976 patriam
694 1898 920 1957 desiderarentur
938 1899 996 1957 illis
1026 1908 1029 1914 ’
1106 1895 1107 1899 ’

117 2051 120 2059 ⁴
153 1977 305 2049 actoribus,
316 1976 424 2035 Brutos
437 1996 491 2055 ego
502 1977 685 2055 impellerem,
696 1997 819 2055 quorum
829 1985 950 2056 uterque
960 1979 993 2037 L.

153 2057 240 2116 Bruti
255 2057 412 2134 imaginem
428 2057 534 2115 cotidie
547 2057 664 2129 videret,
676 2057 747 2116 alter
763 2058 851 2116 etiam
864 2057 997 2116 Ahalacl

150 2137 196 2196 -Hi
213 2137 301 2215 igitur
316 2137 363 2194 his
378 2137 535 2194 maioribus
551 2136 587 2194 ab
603 2136 703 2196 alienis
722 2137 822 2230 potius
841 2138 996 2196 consilium
1107 2141 1108 2144 ’

153 2224 285 2296 peterent
305 2236 392 2294 quam
413 2235 431 2274 a
448 2236 506 2273 suis
526 2222 555 2274 et
576 2216 648 2274 foris
668 2218 766 2295 potius
787 2236 873 2294 quam
887 2217 998 2277 domol

129 2296 252 2367 ,Quint
299 2295 332 2354 C.
348 2295 496 2368 Cassius,
488 2315 519 2353 ιιι
543 2315 577 2354 ea
599 2297 711 2354 familia
733 2303 825 2368 natus,
841 2316 914 2374 quac
934 2315 997 2354 non

153 2377 242 2435 modo
263 2377 452 2447 dominatum,
467 2375 518 2434 sed
535 2394 572 2434 ne
589 2377 749 2454 potentiam
769 2341 886 2455 quidem
903 2377 998 2434 cuius-

155 2476 241 2535 quam
258 2457 332 2514 ferre
349 2457 454 2534 potuit,
466 2475 513 2514 me
533 2462 687 2528 auctorem,
699 2455 793 2528 credo,
805 2456 996 2515 desideravit.

150 2537 205 2614 qui
221 2537 307 2594 etiam
326 2536 386 2594 sine
399 2535 445 2593 his
461 2535 624 2594 clarissimis
640 2536 707 2594 viris
720 2536 795 2594 hanc
807 2554 868 2594 rem
882 2537 913 2593 in
927 2535 998 2593 Cili-

154 2617 199 2673 cia
219 2616 256 2674 sd
272 2616 378 2673 ostium
394 2615 522 2674 fluminis
538 2615 635 2694 Cydni
655 2617 833 2688 confecisset,
849 2617 872 2674 si
891 2615 939 2674 ille
957 2615 998 2674 ad

155 2713 218 2752 eam
242 2695 343 2772 ripam,
358 2696 446 2772 'quam
471 2697 666 2768 constituerat,
681 2715 739 2754 non
762 2697 799 2754 sd
823 2696 997 2755 contrariam

155 2792 240 2832 naves
257 2773 421 2852 appulisset.
464 2776 510 2834 27.
527 2776 579 2834 Cn.
591 2775 756 2834 Domitium
772 2795 832 2834 non
848 2776 937 2854 patris
953 2775 999 2832 in-

135 2849 264 2925 '-teritus‚
277 2854 464 2912 clarissimi'
438 2855 499 2927 vrri,
508 2875 566 2913 non
581 2856 712 2913 avunculi
726 2875 812 2927 mors,
821 2875 879 2914 non
894 2854 999 2934 spolia-

92 2984 99 2997 ,
155 2933 198 2991 tio
215 2933 364 3010 dignitatis
384 2934 422 2991 ad
437 2935 659 3013 recuperandam
675 2935 845 3008 libertatem,
861 2936 912 2994 sed
930 2953 999 2992 maa

156 3014 310 3071 auctoritas
324 3014 476 3072 excitavitl
515 3013 610 3073 AnC.
620 3015 764 3074 Trebonio
781 3035 837 3094 ego
851 3015 998 3094 persuasit
1106 3053 1107 3056 =

149 3092 203 3149 cui
226 3111 263 3150 ne
287 3093 404 3150 suadere
429 3093 545 3170 quidem
569 3113 654 3152 ausus
676 3113 775 3154 essem.
811 3095 884 3190 ‘Quo
907 3096 997 3154 ctiam

155 3171 293 3229 maiorem
308 3171 334 3228 ei
348 3191 392 3228 res
405 3171 520 3248 publica
532 3173 653 3248 gratiam
664 3173 758 3247 debet,
771 3194 820 3253 qur
811 3173 996 3284 libertatem
