2262 3412
130 120 163 172 88
326 119 397 171 PRO
413 121 443 172 L.
458 121 611 174 MURENA
627 121 770 174 ORATIO.
789 71 797 88 .

130 241 242 300 semper
260 221 461 300 dignissimum
478 223 618 282 iudicavi:
640 223 719 301 quod
736 221 851 301 quidem
869 223 914 282 ius
932 224 969 282 ci·

130 302 185 360 vile
199 303 333 375 didicisti,
345 322 403 360 non
418 304 519 374 dicam,
532 322 648 380 operam
661 299 821 380 perdidisti,
834 303 884 361 sed
897 303 969 364 illud

130 380 232 454 dicam,
242 382 350 440 nullam
363 378 423 441 esse
434 384 464 440 in
475 383 523 440 illa
536 382 687 460 disciplina
700 383 843 442 munitam
856 383 893 440 ad
904 402 969 440 con-

130 457 253 519 sulatum
264 462 347 520 viam.
383 462 490 521 Omnes
504 463 581 519 enim
594 469 676 533 artes,
688 481 759 539 quae
773 461 857 519 nobis
867 463 969 540 populi

129 539 254 598 Romani
264 540 359 599 studia
372 541 532 613 conciliant,
542 548 572 598 et
585 541 786 599 admirabilem·
796 541 968 618 dignitatem
1043 577 1048 584 ·

129 626 159 678 et
179 627 341 698 pergratam
365 621 518 679 utilitatem
542 620 648 678 debent
669 620 781 678 habere.
823 621 877 679 XI.
920 627 972 680 al.-

129 700 249 759 Summa
267 701 393 778 dignitas
413 701 504 758 estin
523 700 566 771 iis,
583 700 632 777 qui
651 700 767 758 militari
788 700 871 758 laude
892 710 969 759 ante·

128 780 251 838 cellunt:
271 781 369 838 omnia
382 780 466 849 enim,
477 799 549 857 quae
560 787 626 836 sunt
637 780 666 836 in
677 780 800 858 imperio
811 788 840 838 et
850 781 880 838 in
892 787 968 838 statu

128 860 259 931 civitatis,
275 859 311 917 ab
328 860 363 918 iis
379 859 496 917 defendi
512 866 542 917 et
557 859 663 916 firmari
679 866 834 936 putantur:
856 880 969 918 summa

68 989 71 993 .
128 940 215 997 etiam
229 940 353 998 utilitas:
375 939 400 996 si
413 939 529 1017 quidem
546 958 645 997 eorum
662 939 781 996 oonsilio
798 948 827 997 et
841 940 967 1016 periculo

128 1037 194 1076 cum
208 1038 238 1076 re
251 1019 442 1096 publicatum
458 1019 544 1078 etiam
562 1018 667 1076 nostris
683 1018 767 1076 rebus
781 1020 889 1096 perfrui
903 1039 968 1096 pos-

128 1118 234 1157 sumus.
276 1098 376 1156 Gravia
392 1100 479 1156 etiam
493 1098 542 1157 illa
557 1106 600 1156 est
617 1105 646 1156 et
659 1098 745 1175 plena
760 1098 910 1176 dignitatis
927 1100 968 1156 di,

128 1179 211 1236 cendi
221 1178 350 1250 facultas,
361 1198 432 1256 quae
443 1198 526 1256 saepe
537 1179 626 1235 valuit
635 1178 666 1235 in
677 1178 793 1236 consule
804 1177 966 1256 deligendo,

128 1277 211 1335 posse
227 1258 346 1316 consilio
363 1266 448 1336 atque
464 1259 592 1316 oratione
609 1265 638 1316 ct
652 1265 767 1316 senatus
781 1265 810 1315 et
822 1259 924 1336 populi
938 1266 967 1317 et

128 1357 235 1409 eorum,
251 1338 300 1416 qui
319 1357 363 1396 res
381 1338 516 1409 iudicant,
531 1345 642 1396 mentes
661 1357 835 1415 permovere.
877 1338 968 1407 Quae·

127 1417 199 1474 nitur
214 1416 322 1488 consul,
337 1418 387 1494 qui
404 1418 525 1476 dicendo
543 1436 602 1474 non
619 1437 776 1494 numquam
795 1419 967 1494 comprimat

126 1497 296 1555 tribunicios
311 1497 430 1578 furores,
446 1497 495 1575 qui
511 1497 685 1554 concitatum
703 1495 843 1575 populum
861 1497 966 1569 flectat,

128 1578 177 1654 qui
193 1577 338 1654 largitioni
354 1577 473 1634 resistat
515 1575 544 1632 N
545 1595 582 1632 on
603 1577 717 1648 mimm,
733 1577 757 1633 si
777 1577 815 1634 ob
831 1576 905 1636 hanc
925 1578 968 1636 fa·

126 1656 262 1716 cultatem
278 1656 410 1714 homines
428 1674 511 1732 saepe
530 1655 617 1712 etiam
632 1674 691 1712 non
708 1656 818 1713 nobiles
837 1657 968 1714 consula-

38 1778 39 1782 ,
126 1744 189 1796 tum
206 1737 351 1795 consecuti
368 1739 442 1806 sunt,
454 1735 619 1812 praesertim
637 1751 703 1792 cum
719 1735 789 1792 haec
806 1736 905 1794 eadem
922 1756 967 1794 res

126 1816 263 1894 plurimas
273 1816 386 1896 gratias,
396 1814 571 1871 firmissimas
581 1813 728 1885 amicitias,
737 1814 862 1871 maxima
872 1815 968 1873 studia

126 1897 234 1974 pariat:
256 1915 378 1975 quorum
395 1895 424 1951 in
442 1894 498 1951 isto
512 1898 605 1950 vestro
622 1892 751 1964 artificio,
764 1893 881 1971 Sulpici,
894 1895 966 1952 nihil

126 1983 177 2034 est.
216 1983 262 2034 25.
282 1976 412 2033 Primum
428 1973 553 2050 dignitas
566 1973 596 2030 in
607 1980 667 2030 tam
681 1974 762 2031 tenui
775 1974 894 2031 scientia
907 1994 966 2032 non

125 2062 222 2134 potest
236 2075 303 2115 esse.
338 2054 395 2112 Res
409 2053 487 2110 enim'
501 2059 567 2110 sunt
577 2071 688 2130 parvae,
698 2072 789 2130 prope
802 2053 832 2111 in
847 2055 966 2131 singulis

125 2135 228 2193 litteris
244 2143 330 2211 atque
343 2133 622 2210 interpunctionibus
636 2133 787 2192 verborum
802 2142 964 2211 occupatae.

126 2215 247 2285 Deinde,
263 2215 350 2270 etiam
368 2213 394 2270 si
410 2212 481 2290 quid
497 2213 575 2290 apud
590 2214 713 2272 maiores
731 2221 845 2272 nostros
860 2215 919 2272 fuit
935 2215 965 2271 in

125 2294 182 2351 isto
199 2294 295 2351 studio
311 2292 516 2365 admirationis,
528 2293 559 2350 id
574 2295 729 2373 enuntiatis
746 2295 845 2351 vestris
862 2301 966 2371 myste-

125 2374 175 2430 riis
188 2380 283 2431 totum
298 2380 341 2430 est
354 2380 554 2452 contemptum
568 2381 596 2432 et
610 2374 762 2432 abiectum.
802 2373 905 2431 Posset
918 2374 966 2451 agi

124 2452 188 2530 lege
211 2471 301 2510 necne
325 2453 409 2530 pauci
431 2454 577 2530 quondam
601 2453 745 2512 sciebant:
772 2454 864 2511 fastos
888 2455 966 2512 enim

125 2532 212 2610 vulgo
228 2552 289 2590 non
301 2531 452 2591 habebant
494 2532 584 2590 Erant
598 2533 627 2590 in
644 2553 750 2610 magna
764 2533 903 2610 potentia,
916 2532 966 2610 qui

125 2612 361 2670 consulebantur:
392 2631 410 2669 a
437 2611 540 2690 quibus
567 2613 653 2670 etiam
681 2612 750 2684 dies,
773 2619 920 2691 tamquam
948 2632 967 2669 a

125 2692 285 2763 Chaldaeis,
300 2691 477 2770 petebantur.
520 2691 657 2750 Inventus
676 2699 719 2750 est
738 2692 829 2750 scriba
848 2693 965 2769 quidam

83 2771 85 2774 ’
125 2771 177 2829 Cn.
191 2772 311 2844 Flavius,
324 2773 373 2850 qui
388 2773 533 2831 cornicum
550 2771 649 2829 oculos
665 2771 814 2830 confixerit
821 2778 857 2828 et
871 2773 966 2848 singu·

125 2849 160 2907 lis
177 2852 278 2911 diebus
295 2853 438 2911 discendis
453 2853 545 2910 fastos
560 2852 669 2930 populo
687 2851 867 2929 proposuerit
883 2859 912 2908 et
929 2850 965 2908 ab

124 2931 196 3008 ipsis
209 2935 301 2992 causis
315 2932 593 2991 iurisconsultorum
608 2932 776 3009 sapientiam
794 2931 963 3008 compilarit.

73 3059 76 3064 ,
125 3010 227 3090 Itaque
246 3015 310 3072 irati
327 3012 376 3083 illi,
392 3012 471 3090 quod
487 3020 554 3069 sunt
570 3011 653 3069 veriti
670 3030 705 3068 ne
725 3011 842 3078 dierum¹
854 3013 966 3069 ratione

125 3092 293 3170 pervulgata
306 3099 335 3150 et
348 3092 464 3168 cognita
477 3091 538 3148 aine
552 3111 603 3148 sua
619 3110 706 3168 opera
719 3090 780 3166 lege
797 3091 844 3167 agi
858 3097 964 3168 posset,

126 3171 212 3229 verba
231 3172 369 3250 quaedam
387 3177 618 3249 composuerunt,
633 3177 667 3228 ut
683 3170 817 3240 omnibus
833 3171 863 3228 in
882 3170 966 3230 rebus

126 3251 181 3326 ipsi
196 3253 370 3310 interessent.
