2240 3418
415 124 493 174 cnr.
510 124 627 186 111.-v.‚
643 122 658 183 ς
674 126 747 174 7-12.
794 185 798 192 ,
955 126 1004 173 aar

162 229 249 286 huius
266 227 374 285 ordinis
393 245 487 305 neque
507 225 682 284 existimatio
698 224 800 302 populi
816 223 941 282 Romani
957 244 1005 282 ne·

163 328 219 388 que
233 307 310 385 leges
323 307 396 365 ullae
410 313 527 384 possent
541 306 690 363 coerceret
725 310 770 363 10.
783 305 893 363 Verum
907 311 1003 362 tamen

161 388 235 466 quid
245 393 305 445 erat
315 387 394 464 quod
404 405 450 444 me
464 404 587 462 rogares,
597 385 621 441 si
635 392 696 442 erat
709 385 742 456 is,
754 385 790 442 de
802 404 859 462 quo
874 383 1002 462 rogabas,

163 467 292 527 Caesaris
305 466 368 544 lege
382 465 534 524 reductusl
565 464 624 522 Sed
633 463 767 522 videlicet
776 483 870 522 meam
881 465 1003 541 gratiam

162 547 254 684 poluip
268 565 336 619 esse,
348 547 448 624 inquo
461 564 498 603 ne
511 545 602 622 ipsius
616 542 733 622 quidem
747 543 805 602 ulla
816 563 877 602 esse
891 550 1004 622 poterat

175 647 190 686 e
211 646 227 685 e
251 633 305 684 ata

160 739 163 745 ·
190 647 240 765 gV.
257 705 315 764 Sed
328 724 394 763 cum
410 704 492 776 mihi,
503 711 599 782 patres
612 703 775 782 conscripti,
786 710 815 762 et
828 723 882 781 pro
895 723 942 769 me
956 703 1005 760 ali·

164 787 235 865 quid
248 786 321 844 etin
336 785 374 844 M.
385 785 548 843 Antonium
564 784 656 842 multa
670 784 792 842 dicenda
805 785 871 858 sint,
883 783 1004 842 alterum

163 873 233 944 peto
250 885 267 923 a
283 865 373 937 vobis,
386 873 419 923 ut
435 884 483 922 me
499 884 552 942 pro
568 884 615 922 me
632 864 776 922 dicentem
792 863 925 942 benigne,
937 862 1005 920 alte·

164 965 228 1003 rum
242 946 303 1023 ipse
317 944 438 1003 efficiam
449 950 490 1016 ut,
500 950 600 1002 contra
609 943 691 1002 illum
705 963 771 1001 cum
782 944 885 1015 dicam,
895 949 1004 1000 attente
1087 966 1088 969 ¹

163 1026 293 1084 audiatis
326 1024 419 1083 Simul
429 1023 501 1083 illud
511 1041 578 1081 oro:
597 1024 621 1080 si
631 1042 726 1082 meam
737 1044 801 1082 cum
814 1025 843 1080 in
855 1023 935 1081 omni
944 1023 1015 1086 vita.

161 1113 228 1163 tum
248 1105 279 1162 in
301 1104 423 1162 dicendo
447 1103 675 1172 moderationem
697 1103 925 1180 modestiamque
939 1121 1006 1180 cog·

164 1185 263 1256 nostis,
275 1204 312 1242 ne
332 1204 378 1242 me
396 1183 492 1255 hodie,
504 1202 571 1240 curn
587 1183 644 1254 isti,
656 1188 697 1240 ut·
705 1183 878 1261 provocavit,
890 1200 1005 1259 respon-

53 1324 57 1329 .
165 1265 242 1336 dero,
253 1264 375 1322 oblitum
386 1282 446 1322 esse
456 1263 565 1341 putetis
578 1263 643 1320 mei
676 1262 744 1320 Non
754 1261 882 1320 tractabo
896 1268 929 1319 ut
940 1280 1005 1318 con-

165 1345 255 1402 sulem
267 1362 274 1403 :
287 1362 332 1402 ·ne
346 1342 393 1402 ille
410 1343 528 1421 quidem
544 1362 591 1400 me
606 1350 639 1401 ut
652 1342 837 1400 consularem.
880 1341 943 1398 Etsi
957 1341 1005 1398 ille

165 1424 244 1482 nullo
265 1423 354 1482 modo
374 1422 482 1494 consul,
494 1422 539 1481 vel
556 1422 635 1500 quod
654 1423 697 1480 ita
716 1423 788 1480 vivit
807 1421 852 1479 vel
869 1421 948 1499 quod
964 1421 1007 1478 ita

164 1524 226 1562 rem
240 1503 384 1582 publicam
398 1502 474 1580 gerit
487 1502 531 1560 vel
542 1502 621 1580 quod
631 1502 673 1560 ita
685 1502 780 1560 factus
793 1509 853 1560 est:
874 1520 930 1579 ego
944 1501 1005 1559 sine

160 1584 224 1642 ulla
243 1583 436 1642 controversia
458 1581 622 1640 consularis.
667 1586 713 1640 11.
728 1581 774 1641 Ut
793 1582 883 1660 igitur
902 1581 1006 1638 intelli-

163 1664 270 1742 geretis
287 1662 400 1741 qualem
414 1662 475 1742 ipse
492 1675 522 1720 se
538 1661 684 1720 consulem
697 1661 887 1741 profiteretur,
900 1660 1005 1720 obiecit

165 1744 238 1802 mihi
248 1743 428 1802 consulatum
438 1760 543 1801 meum.
576 1741 633 1811 oui
642 1742 807 1801 consulatus
815 1741 901 1801 verbo
914 1761 1004 1815 meus,

166 1832 261 1902 patres
274 1822 437 1900 conscripti,
447 1842 478 1880 re
488 1829 581 1880 vester
590 1823 655 1882 fuit.
691 1822 769 1892 Quid
780 1824 857 1882 enim
871 1842 926 1901 ego
940 1842 1007 1880 con·

156 1904 255 1976 'stitui
268 1903 339 1982 quid
352 1903 436 1980 gessi,
445 1902 519 1980 quid
533 1903 579 1980 egi
593 1903 649 1961 nisi
666 1922 701 1961 ex
717 1903 803 1962 huius
818 1904 927 1962 ordinis
940 1922 1007 1961 con·

166 1985 230 2042 silio
246 1983 424 2054 auctoritate,
437 1983 595 2041 sententiat
632 1982 712 2041 Haec
728 1991 761 2041 tu
778 1984 867 2041 homo
884 1984 1004 2061 sapiens,

163 2083 226 2122 uon
244 2063 337 2121 solum
356 2063 500 2141 eloquens,
515 2061 593 2140 apud
612 2082 669 2134 eos,
681 2081 804 2140 quorum
825 2063 944 2122 consilio
965 2083 1006 2120 sa-

166 2144 331 2222 pientiaque
354 2150 437 2221 gesta
458 2149 532 2214 sunt,
548 2161 634 2201 ausus
660 2147 691 2200 es
714 2143 893 2220 vituperaret
934 2141 1006 2211 Quis

163 2232 262 2282 autem
272 2242 369 2281 meum
380 2221 559 2280 consulatum
570 2229 682 2300 praeter
691 2228 760 2280 teet
770 2221 803 2280 P.
811 2220 946 2279 Clodium
956 2222 1007 2298 qui

167 2304 340 2381 vituperaret
356 2303 490 2360 inventus
510 2303 572 2360 esti
592 2302 673 2360 cuius
689 2301 806 2380 quidem
826 2301 882 2359 tibi
902 2302 1004 2373 fatum,

167 2383 251 2441 sicuti
262 2382 294 2440 O.
302 2381 430 2453 Curioni,
440 2389 554 2440 manet:
575 2382 712 2460 quoniam
726 2381 757 2439 id
767 2381 867 2439 domui
876 2387 943 2438 tuae
954 2388 1005 2451 est,

167 2462 247 2540 quod
259 2463 317 2520 fuit
330 2462 445 2519 illomm
460 2462 573 2539 utrique
587 2461 682 2520 fatale.
720 2467 766 2519 12.
779 2461 846 2518 Nou
861 2460 955 2539 placet
965 2461 1004 2518 M.

167 2542 298 2600 Antonio
312 2541 476 2600 consulatus
490 2561 578 2600 meus
614 2540 657 2599 At
669 2541 777 2619 placuit
791 2541 823 2598 P.
835 2539 963 2612 Servilio,
973 2547 1007 2597 ut

168 2640 234 2679 eum
251 2622 377 2699 primurn
393 2621 540 2679 nominem
557 2641 592 2678 ex
609 2621 685 2680 illius
700 2621 840 2698 temporis
855 2619 1007 2679 consulari·

167 2701 230 2774 bus,
246 2702 296 2779 qui
318 2701 449 2780 proxime
472 2707 516 2759 est
539 2708 686 2759 mortuus:
714 2701 822 2780 placuit
846 2699 1005 2770 odardo,

162 2781 250 2839 cuius
274 2801 386 2859 semper
408 2781 439 2838 in
463 2780 517 2838 hac
540 2800 571 2839 re
594 2781 710 2858 publica
732 2781 809 2839 vivet
833 2780 1005 2838 auctoritas:

168 2860 277 2938 placuit
297 2860 409 2919 duobus
428 2860 560 2931 Lucullis,
576 2860 615 2918 M.
626 2860 736 2932 Crasso,
749 2859 782 2928 Q
793 2859 960 2928 Hortensio,
973 2857 1005 2916 Ο.

162 2939 295 3012 Curioni,
308 2940 340 2999 C.
353 2941 461 3011 Pisoni,
477 2940 524 2998 Μ’.
537 2940 693 3011 Glabrioni,
709 2939 757 2998 Μ’.
768 2939 886 3018 Lepido,
899 2938 929 2997 L
938 2938 1008 2997 Vol·
1045 3003 1046 3008 .

162 3021 252 3092 cotie,
263 3021 295 3079 O.
304 3019 414 3097 ungulo,
426 3019 462 3077 D.
472 3019 578 3091 Silano,
591 3020 621 3077 L
630 3020 773 3091 Murenae,
787 3020 836 3098 qui
850 3026 913 3077 tum
927 3025 1008 3076 erant

169 3100 299 3158 consules
316 3100 474 3177 designati:
495 3099 603 3178 placuit
619 3099 696 3157 idem
714 3099 792 3177 quod
812 3098 1008 3157 consularibus

163 3178 208 3238 M.
220 3179 341 3240 Catoni:
363 3180 413 3257 qui
436 3198 502 3238 cum
523 3179 614 3238 multa
634 3180 693 3238 vita
713 3179 852 3238 excedens
871 3178 1006 3258 providit,
