2240 3418
62 155 70 170 .
127 111 176 164 tet
202 113 243 164 IN
259 114 296 165 M.
311 110 505 166 ANTONIUM
520 109 656 165 ORATIO
671 111 884 164 PHILIPPICA
898 112 937 166 II.

167 219 214 273 59.
228 213 417 293 Reliquorum
437 213 582 272 factorum
602 211 671 286 eius,
686 220 782 291 patres
801 211 972 292 conscripti,

127 293 251 352 difficilis
271 300 315 352 est
335 313 402 352 sane
421 293 605 371 reprehensio
625 300 655 351 et
674 293 789 352 lubrica
827 293 968 352 Versatus

127 374 158 431 in
174 373 249 432 bello
266 380 325 431 est:
347 373 484 433 saturavit
502 391 533 431 se
552 373 690 450 sanguine
710 372 967 432 dissimillimorum

127 453 172 510 sui
188 453 311 511 civium:
332 453 403 511 felix
419 452 486 524 fuit,
501 452 525 510 si
541 459 639 530 potest
659 452 717 510 ulla
736 453 767 509 in
785 451 890 511 scelere
906 471 967 512 esse

126 532 257 591 felicitae
299 533 357 592 Sed
373 533 510 611 quoniam
523 532 664 590 veteranis
680 539 795 590 cautum
812 551 873 591 esse
889 532 968 590 volu-

126 631 199 684 mus,
212 611 550 690 quamqnamdissimilis
568 618 612 670 est
626 611 753 669 militum
771 601 859 670 causa
871 618 901 670 et
916 619 984 670 tua·
1069 684 1073 692 ¹

126 692 209 750 -illi
230 693 320 751 secuti
341 699 427 751 sunt:
451 699 485 750 tu
506 692 642 771 quaesisti
663 691 912 761 ducem-tamen,
930 710 972 750 ne.

127 772 205 849 apud
214 772 279 830 illos
292 791 339 831 me
352 772 383 830 in
396 772 536 829 invidiam
546 789 639 843 voces,
649 770 722 828 nihil
733 771 773 828 'dc
785 789 889 848 genere
898 770 968 830 belli

127 851 229 910 dicam.
262 843 395 911 Victore
408 851 554 909 Thessalia
566 850 755 909 Brundisium
769 869 835 909 cum
848 849 969 926 legioni·

126 931 181 988 bus
193 931 343 990 revertisti.
373 930 419 989 Ibi
432 950 480 990 me
492 949 552 989 non
566 930 714 990 occidisti:
734 949 873 1008 magnum
883 930 969 988 bene·

126 1009 240 1069 ficiuml
281 1011 414 1070 Potuisse
435 1011 512 1069 enim
535 1011 637 1068 fateor.
679 1009 859 1088 Quamquam
880 1029 973 1068 nemo·

127 1097 187 1149 erat
206 1109 314 1162 eorum,
329 1090 379 1169 qui
398 1098 463 1149 tum
483 1092 580 1150 tecum
600 1090 725 1163 fuerunt,
741 1091 791 1168 qui
814 1089 887 1147 mihi
906 1109 967 1150 non

127 1177 254 1228 censeret
267 1171 346 1249 parci
362 1177 502 1248 oportere.
545 1175 592 1228 60.
607 1169 701 1227 Tanta
716 1177 760 1228 est
773 1170 850 1228 enim
864 1169 970 1227 caritas

126 1250 243 1327 patriae,
258 1257 292 1308 ut
313 1251 414 1308 vestris
437 1250 524 1309 etiam
546 1249 708 1327 legionibus
729 1257 845 1308 sanctus
865 1267 973 1322 essem,

127 1329 205 1406 quod
215 1348 279 1388 eam
292 1348 310 1388 a
322 1349 369 1388 me
383 1337 523 1388 servatam
537 1349 597 1388 esse
607 1329 813 1388 meminissent.
847 1327 907 1388 Sed
919 1329 969 1387 fao

126 1408 157 1466 id
173 1416 203 1467 te
224 1409 337 1468 dedisse
351 1409 433 1482 mihi,
446 1410 525 1487 quod
542 1428 602 1467 non
623 1408 764 1480 ademisti,
776 1428 879 1487 meque
899 1427 918 1466 a
936 1415 968 1467 te

125 1487 230 1547 habere
243 1489 340 1561 vitam,
349 1489 417 1568 quia
429 1508 488 1547 non
502 1508 520 1546 a
532 1496 562 1547 tc
575 1489 614 1547 sit
627 1496 741 1568 erepta:
762 1489 880 1548 licuitne
892 1488 968 1548 mihi

125 1587 178 1646 per
191 1574 255 1626 tuas
270 1569 458 1628 contumelias
474 1568 530 1628 hoc
543 1576 627 1627 tuum
644 1568 812 1628 beneficium
827 1569 868 1628 sic
881 1569 970 1641 tueri,¹

126 1654 160 1705 ut
169 1647 278 1719 tuebar,
288 1649 454 1726 praesertim
468 1667 534 1722 cum
545 1655 575 1707 te
584 1648 654 1708 haec
665 1649 829 1708 auditurum
837 1649 948 1707 rideres
955 1650 970 1708 ι

126 1727 225 1786 XXV.
257 1733 303 1786 61.
313 1728 428 1787 Venisti
444 1727 640 1799 Brundisium,
651 1729 682 1786 in
696 1728 792 1786 sinum
806 1729 923 1807 quidem
936 1734 968 1788 ct

126 1807 157 1864 in
168 1807 349 1884 complexum
359 1808 579 1867 tuaemlrnulae
613 1807 691 1877 Quid
704 1809 766 1867 esti
798 1807 878 1867 Num
888 1826 968 1866 men·

125 1886 202 1944 tiorl
236 1886 329 1956 Quam
343 1886 479 1945 miserum
493 1895 537 1946 est
550 1888 582 1946 id
594 1907 699 1966 negare
711 1907 770 1946 non
784 1907 876 1967 posse,
887 1888 967 1966 quod

126 1965 164 2023 sit
180 1966 378 2044 turpissimum
395 1966 541 2026 confiteril
576 1967 653 2026 Sita
666 1969 888 2047 municipiorum
905 1987 966 2026 non

125 2045 261 2122 pudebat,
272 2065 309 2106 ne
325 2047 452 2106 veterani
468 2047 585 2125 quidem
601 2049 760 2107 exercitus?
800 2048 872 2118 Quis
887 2049 966 2108 enim

125 2125 208 2184 miles
224 2126 283 2184 fnit
296 2127 346 2205 qui
360 2127 508 2185 Brundisii
524 2127 603 2185 illam
619 2146 679 2186 non
691 2128 814 2188 videritl
834 2129 899 2206 quis
914 2128 970 2206 qni

125 2205 258 2264 nescierit
276 2207 386 2265 venisse
405 2226 470 2265 eam
487 2207 542 2266 tibi
560 2214 606 2266 tot
624 2208 736 2267 dierum
751 2209 828 2266 viam
843 2207 967 2286 gratula-

125 2284 208 2342 tuml
228 2285 292 2363 quis
308 2287 431 2364 quinon
444 2286 600 2346 indoluerit
613 2293 673 2349 tam
690 2307 752 2346 sero
769 2306 799 2346 se
816 2307 902 2366 quam
918 2306 967 2346 ne·

126 2382 212 2440 quam
223 2363 370 2424 hominem
382 2373 496 2425 secutus
506 2375 580 2426 esset
588 2369 778 2444 cognosceret
810 2373 857 2427 62.
866 2367 967 2426 Italiae

124 2462 222 2501 rursus
239 2447 415 2522 percursatio
435 2447 536 2505 eadem
556 2449 662 2505 comite
682 2448 788 2506 mima:
809 2447 840 2504 in
857 2447 967 2526 oppida

124 2523 251 2582 militum
270 2525 392 2584 erudelis
412 2533 441 2584 et
461 2527 565 2585 misera
584 2527 737 2585 deductio:
758 2527 789 2584 in
805 2526 875 2585 urbe
893 2527 965 2596 auri,

125 2604 245 2681 argenti,
264 2605 444 2684 maximeque
468 2607 528 2664 vini
549 2607 637 2666 foeda
660 2607 792 2684 direptio.
834 2606 966 2664 Accessit

125 2690 159 2741 ut
175 2683 295 2742 Caesam
311 2685 420 2762 ignaro,
429 2705 495 2744 eum
511 2694 587 2746 esset
601 2686 649 2744 ille
665 2686 869 2757 Alexandreae,
881 2685 968 2744 bene·

124 2761 190 2820 ficio
202 2764 359 2821 amicorum
373 2767 434 2823 eius
447 2767 584 2844 magister
594 2766 723 2844 equitum
735 2766 964 2824 constitueretur.

124 2841 200 2899 Tum
220 2843 394 2902 existimavit
412 2864 442 2903 se
462 2865 514 2903 suo
530 2847 591 2904 iure
611 2865 678 2904 cnm
694 2846 807 2924 Hippia
822 2846 915 2903 vivere
936 2851 968 2904 ct

52 2931 63 2956 ⁸
124 2939 214 2998 equos
225 2923 376 3001 vectigales
387 2923 488 3001 Sergio
498 2925 588 2983 mimo
599 2925 717 2984 tradere.
750 2925 825 2984 Tum
840 2925 894 2983 sibi
905 2943 967 2984 non

124 2999 206 3072 hanc,
217 3020 304 3079 quam
317 3022 394 3062 nunc
408 3004 481 3062 male
495 3011 599 3075 tuetur,
609 3005 660 3062 sed
670 3004 709 3062 M.
718 3005 834 3064 Pisonis
844 3005 969 3062 domum

124 3078 175 3137 nbi
190 3080 332 3140 habitaret
345 3083 458 3160 legerat.
501 3082 579 3153 Quid
592 3103 646 3161 ego
661 3085 744 3143 istius
760 3085 881 3156 decreta,
894 3083 968 3162 quid

124 3159 247 3236 rapinas,
263 3161 334 3239 quid
356 3162 548 3228 hereditatum
570 3163 766 3242 possessiones
788 3164 878 3237 datae,
893 3162 968 3242 quid
