2240 3418
439 111 517 162 CAP.
534 112 640 175 1.-111.,
656 111 670 173 5
686 115 742 172 1-,8.
932 129 935 132 ·
963 116 1012 166 277

173 213 274 286 cando,
282 213 337 271 nisi
347 219 382 270 ut
390 211 428 271 D.
436 197 544 270 Brutus
556 212 741 273 liberareturl
781 215 810 272 A
821 234 878 292 quo
887 198 1013 293 populus

173 294 321 352 Romanus
334 293 469 370 frequens
482 292 524 350 ita
536 292 656 352 salutem
670 293 707 351 D.
716 293 801 352 Bruti
812 313 952 352 una·voce
966 295 1013 354 de

173 373 315 452 poposcit,
324 379 357 430 ut
367 391 429 430 eam
440 390 499 429 non
510 372 604 430 solum
614 373 775 432 commodis
785 374 852 446 suis,
864 374 914 433 sed
925 374 1011 432 etiam

108 509 113 518 ,
173 452 336 511 necessitati
350 452 442 510 victus
455 451 616 511 anteferret.
659 452 745 522 Quod
759 473 871 531 sperare
884 473 937 512 nos
952 455 1013 532 qui·

174 533 240 590 dem
255 531 399 603 debemus,
407 538 501 610 patres
511 531 674 610 conscripti,
682 539 732 591 aut
742 533 815 591 inibi
825 553 886 593 esse
896 541 946 592 aut
954 534 1011 592 iarn

174 631 235 671 esse
255 611 435 670 confectum:
460 611 511 669 sed
534 611 595 689 spei
616 613 744 670 fructum
764 613 805 671 rei
825 614 960 672 convenit
983 621 1013 672 et

171 692 288 751 eventui
309 691 452 762 reservari,
466 710 503 750 ne
523 699 573 750 aut
594 691 714 750 deorum
734 693 941 751 immortalium
965 693 1013 752 be·

94 824 100 836 ,
173 771 308 830 neficium
325 771 510 830 festinatione
527 771 715 850 praeripuisse
735 779 785 831 aut
801 773 861 831 vim
879 774 1013 832 fortunae

175 851 297 910 stultitia
309 851 514 927 contempsisse
529 851 681 911 videamur.

76 971 80 978 -
155 995 161 1004 ,
216 937 242 990 6.
258 930 315 989 Sed
336 932 472 1009 quoniam
494 931 665 1008 significatio
685 939 778 991 vestra
799 932 868 990 satis
889 930 1013 991 declarat

176 1011 245 1090 quid
251 1011 308 1069 'hac
319 1011 355 1070 de
368 1031 398 1069 re
412 1011 549 1084 sentiatis,
559 1012 597 1070 ad
610 1012 718 1071 litteras
729 1013 850 1084 veniam,
859 1032 930 1090 quae
945 1019 1013 1070 sunt
1103 1071 1106 1076 ,

175 1111 193 1150 a
208 1091 372 1150 oonsulibus
387 1097 417 1149 et
433 1110 451 1149 a
466 1099 649 1169 propraetore
665 1093 776 1164 missae,
789 1093 813 1150 si
829 1111 921 1170 pauca
936 1100 1011 1164 ante,

176 1189 248 1249 quae
268 1171 306 1229 ad
324 1171 402 1249 ipsas
422 1170 531 1229 litteras
551 1171 721 1249 pertineant,
736 1172 843 1230 dixero.
885 1171 938 1230 ΠΙ.
957 1171 1014 1229 Im·

139 1311 141 1316 ,
174 1251 239 1308 buti
259 1250 348 1328 gladii
367 1257 442 1323 sunt,
454 1258 549 1329 patres
570 1251 732 1328 conscripti,
745 1251 890 1329 legionum
910 1251 1014 1310 exerci-

175 1337 315 1408 tuumque
339 1337 501 1390 nostrorum
526 1330 571 1388 vel
597 1331 753 1391 madefacti
776 1331 874 1409 potius
900 1331 1014 1389 duobus

171 1411 298 1470 ,duorum
319 1410 477 1482 consulum,
491 1411 578 1468 tertio
594 1410 722 1468 Caesaris
737 1410 855 1488 proelio.
897 1409 929 1468 Si
950 1411 1014 1468 hos

175 1490 249 1549 tium
265 1491 323 1548 fuit
339 1490 387 1550 ille
403 1491 526 1568 sanguis,
539 1510 651 1548 summa
665 1490 790 1550 militum
807 1491 915 1568 pietas:
937 1491 1015 1548 nefa-

175 1570 251 1628 rium
276 1570 374 1642 scelus,
392 1571 417 1628 si
440 1571 555 1629 civium.
597 1569 662 1639 Quo
686 1589 776 1648 usque
798 1571 890 1648 igitur
911 1571 945 1642 is,
963 1571 1014 1648 qui

76 1691 86 1708 .
176 1669 276 1709 omues
295 1650 392 1709 hostes
412 1651 515 1709 scelere
536 1651 687 1728 superavit,
698 1650 815 1708 nomine
833 1650 924 1708 hostis
941 1669 1015 1707 eare-

175 1730 239 1788 biti
258 1730 315 1788 nisi
325 1749 476 1790 mucrones
486 1731 573 1789 etiam
584 1737 748 1789 nostrorum
758 1730 885 1800 militum
894 1738 1015 1789 tremere

176 1809 263 1868 vultis
279 1810 444 1869 dubitantes
457 1817 554 1868 utrum
568 1810 598 1867 iu
612 1811 674 1869 eive
690 1830 727 1868 au
740 1811 771 1868 in
785 1811 869 1868 hoste
882 1809 1013 1887 figantur.

178 1889 205 1948 7.
217 1889 462 1968 Supplicationem
473 1889 642 1948 decernitis:
663 1889 776 1948 hostem
787 1910 846 1948 non
857 1888 1014 1967 appellatis.
1107 1933 1113 1942 .

177 1969 282 2028 Gratae
297 1989 365 2028 vero
381 1976 495 2028 nostrae
515 1969 560 2027 dis
580 1969 791 2028 immortalibus
810 1969 1015 2047 gratulationes

177 2057 270 2121 erunt,
279 2057 376 2126 gratae
386 2042 601 2120 victimae‚cum
615 2049 767 2108 interfecta
777 2049 815 2108 sit
825 2049 932 2106 civium
945 2048 1016 2106 mul·

177 2130 274 2188 titudo
284 2131 301 2188 l·
325 2129 372 2186 De
384 2129 528 2204 improbis,
538 2129 641 2206 inquit,
650 2136 676 2186 et
689 2129 853 2187 audaeibus
888 2127 965 2207 Nam
976 2128 1016 2185 sio

109 2275 115 2288 .
178 2228 228 2268 eos
248 2208 373 2286 appellat
393 2208 564 2267 clarissimus
584 2209 644 2266 vir:
665 2227 737 2286 quae
758 2215 825 2267 sunt
846 2207 1016 2266 urbanarum

178 2287 331 2348 maledicta
344 2288 448 2360 litium,
460 2307 519 2348 non
532 2289 644 2352 inustae
657 2287 724 2346 belli
740 2287 908 2348 internecivi
921 2293 1015 2345 notae.
1105 2287 1113 2300 '

178 2367 369 2439 Testamenta,
380 2368 474 2439 oredo,
484 2368 639 2427 subiiciunt
652 2374 702 2425 aut
715 2367 835 2426 eiiciunt
845 2367 954 2424 viciuos
967 2373 1017 2425 aut

179 2448 406 2508 adolescentulos
428 2448 664 2507 circumscribunt
675 2465 696 2516 ι.
706 2447 752 2506 his
765 2447 850 2506 enim
872 2446 949 2504 vitiis
969 2446 1038 2504 ad-.

178 2529 272 2587 fectus
285 2535 315 2586 et
328 2528 433 2588 talibus
445 2529 537 2588 malos
549 2535 600 2587 aut
613 2527 734 2586 audaces
746 2527 891 2620 appellare
902 2545 1018 2605 consue-

179 2609 251 2666 tudo
276 2607 355 2667 solet
399 2614 425 2668 8.
440 2607 554 2667 Bellum
577 2607 749 2686 inexpiabile
771 2608 861 2665 infert
883 2612 1019 2684 quattuor

179 2687 344 2746 consulibus
353 2707 428 2746 uuus
438 2690 569 2746 omnium
578 2688 722 2746 latronum
732 2687 927 2745 taeterrimus:
944 2685 1018 2761 gerit

180 2767 257 2827 idem
271 2767 378 2826 bellum
393 2787 458 2826 cum
472 2775 572 2826 senatu
582 2767 747 2845 populoque
758 2766 906 2826 Romano:
928 2765 1019 2822 omni·

180 2847 462 2926 bus—quamquam
485 2848 543 2906 ruit
564 2848 626 2925 ipse
648 2847 706 2905 suis
728 2845 1018 2920 cladibus-pestem

180 2928 353 2998 vastitatem,
365 2928 521 2985 cruciatum
537 2934 682 2985 tormenta
697 2925 864 2985 denuntiat:
885 2922 1019 2981 Dolabel·

181 3008 224 3066 lae
245 3008 338 3065 ferum
360 3015 389 3066 et
409 3007 535 3064 immane
553 3007 675 3077 facinus,
693 3004 772 3083 quod
791 3003 870 3062 nulla
890 3001 1020 3060 barbaria

180 3095 279 3164 posset
289 3105 449 3163 agnoscere,
457 3086 489 3144 id
498 3105 550 3143 suo
561 3085 680 3144 consilio
691 3086 801 3142 factum
811 3102 871 3142 esse
881 3088 1018 3142 testatur:

183 3183 311 3243 quaeque
324 3171 398 3222 esset
408 3165 536 3225 facturus
549 3165 579 3224 in
593 3165 647 3224 hac
658 3163 735 3236 urbe,
747 3163 803 3222 nisi
817 3182 883 3222 eum
896 3161 944 3219 hic
957 3161 1020 3236 ipse

1027 3392 1112 3414 1—
