2270 3422
124 109 172 158 114
319 107 389 160 PRO
403 109 435 159 'L.
450 108 605 159 MURENA
621 108 765 160 ORATIO.

163 205 307 267 XXXIX
330 208 510 286 Quamquam
526 209 644 268 huiusce
662 209 703 267 rei
722 215 849 287 potestas
868 212 962 270 omnis

123 288 153 345 in
170 287 252 345 vobis
271 289 326 345 sita
343 295 395 359 est,
409 289 534 346 iudices:
556 294 648 346 totam
666 308 727 346 rem
746 289 891 366 publicam
910 311 962 348 vos

123 367 154 424 in
169 366 223 424 hac
239 385 325 424 causa
339 369 452 439 tenetis,
466 387 518 425 vos
534 367 706 443 gubernatis.
749 367 780 425 si
794 367 825 426 L
838 368 962 427 Catilina

123 465 189 503 cum
206 465 258 503 suo
275 446 393 504 consilio
412 447 587 504 nefariorum
603 446 763 517 hominum,
774 467 846 524 quos
864 467 961 506 secum

123 525 229 595 eduxit,
247 525 300 583 hac
321 525 357 582 dc
380 543 410 584 re
455 533 530 584 osset
553 526 686 598 iudicare,
704 526 908 585 condemnaret
927 527 958 586 L.

123 603 288 662 Murenam:
310 605 334 661 si
354 605 414 662 inte
449 623 511 662 ecre
531 611 637 682 posset,
653 605 802 664 occideret.
851 606 963 666 Petunt

122 684 199 741 cuim
219 685 343 741 rationes
362 682 445 755 illius,
459 690 494 741 ut
513 684 629 742 orbetur
648 685 754 742 auxilio
773 685 958 762 respublica,

122 769 155 820 ut
171 763 316 820 minuatur
332 769 432 820 contra
449 781 532 820 suum
548 763 676 821 furorem
692 763 898 840 imperatorum
914 783 961 822 co

121 842 178 918 pia,
194 848 226 899 ut
244 843 336 898 maior
351 841 472 898 facultas
490 841 613 900 tribunis
630 842 723 920 plebis
739 843 823 902 detur
839 842 959 920 depulso

121 920 281 977 adversario
289 921 646 979 seditionisacdiscordiae
654 922 847 980 concitandae.
866 921 960 980 Idem·

121 1018 157 1056 ne
171 999 259 1076 igitur
272 999 375 1056 delecti
388 999 571 1076 amplissimis
585 1020 619 1058 ex
634 1001 781 1058 ordinibus
794 1001 958 1060 honestissi-

120 1079 162 1136 mi
176 1085 261 1156 atque
278 1079 480 1156 sapientissimi
492 1080 547 1138 viri
562 1080 738 1152 iudicabunt,
751 1081 830 1158 quod
842 1080 890 1138 ille
906 1081 959 1138 im·

120 1158 341 1236 portunissimus
351 1158 499 1236 gladiator,
508 1160 601 1218 hostis
611 1161 652 1220 rei
662 1161 792 1238 publicae
803 1160 958 1219 iudicaretl

122 1241 167 1295 84.
186 1237 260 1296 Mihi
270 1238 388 1310 credite,
400 1239 516 1312 iudicas,
527 1241 558 1297 in
572 1240 625 1302 hac
642 1260 726 1298 causa
738 1259 803 1300 non„
814 1239 907 1297 sblum
921 1240 958 1298 de
994 1288 997 1293 .

120 1315 151 1374 L,
162 1317 305 1389 Murenae,
314 1337 413 1382 verum
427 1319 514 1376 etiam
527 1319 564 1377 dc
577 1327 670 1378 vostra
682 1319 772 1376 salute
786 1319 957 1376 sententiam

119 1396 226 1454 feretis.
268 1397 303 1454 In
317 1396 469 1454 discrimen
486 1404 643 1456 extremum
660 1398 805 1456 venimus:
827 1397 900 1454 nihil
914 1404 958 1456 est

119 1475 177 1531 iam
198 1475 275 1532 unde
298 1494 352 1532 nos
374 1475 533 1532 reficiamus
553 1483 603 1533 aut
622 1475 672 1533 ubi
691 1475 764 1552 lapsi
783 1477 955 1534 resistamus

120 1553 188 1610 Non
208 1553 301 1611 solum
320 1553 477 1612 minuenda
495 1573 554 1611 non
575 1561 641 1612 sunt
660 1554 773 1626 auxilia,
785 1574 857 1631 quae
873 1554 958 1612 habe·

119 1652 192 1704 mus,
213 1632 264 1690 sed
288 1632 375 1690 etiam
399 1652 481 1704 nova,
503 1633 527 1690 si
550 1632 611 1690 lieri
634 1633 733 1710 possit,
755 1633 954 1710 comparanda

119 1711 221 1768 Hostis
238 1718 282 1769 est
298 1711 376 1768 enim
392 1730 450 1768 non
467 1711 544 1788 apud
557 1711 709 1783 Anienem,
720 1712 798 1789 quod
810 1711 886 1770 bello
900 1711 957 1770 Pu-

119 1789 185 1847 nica
201 1791 401 1867 gravissimum
418 1790 509 1846 visum
528 1797 579 1861 est,
595 1791 692 1848 sedin
710 1790 788 1862 urbe,
802 1791 833 1847 in
850 1791 957 1847 foro-

119 1869 149 1926 di
166 1869 357 1931 immortalesl
379 1870 439 1925 sinc
455 1869 565 1944 gemitu
581 1869 637 1927 hoo
653 1869 712 1927 dici
726 1889 785 1926 non
802 1875 955 1945 potest-t

118 1967 177 2005 non
191 1967 277 2005 nemo
291 1948 378 2006 etiam
392 1948 422 2005 in
435 1947 486 2004 illo
500 1949 621 2006 sacrario
635 1949 675 2005 rei
689 1948 828 2025 publicae,
840 1948 870 2004 in
885 1947 954 2024 ipsa,

117 2027 244 2103 inquam,
263 2027 341 2084 curia
360 2046 418 2084 non
438 2045 524 2084 nemo
544 2027 636 2086 hostis
656 2037 706 2085 est
748 2026 790 2084 Di
808 2027 903 2086 faxint
923 2034 956 2085 ut

117 2125 198 2164 meus
212 2106 329 2184 collega,
340 2107 384 2162 vir
396 2105 578 2178 fortissimus,
589 2106 645 2164 hoc
659 2106 800 2164 Catilinae
813 2106 956 2166 nefarium

116 2186 299 2244 latrocinium
315 2184 617 2262 armatusopprimatl
659 2185 722 2264 Ego
738 2193 862 2264 togatus,
874 2186 956 2244 vobis

116 2265 257 2344 bonisque
272 2266 405 2323 omnibus
420 2264 607 2336 adiutoribus,
615 2265 680 2338 hoc,
692 2266 771 2342 quod
784 2273 955 2343 conceptum

116 2364 160 2402 res
174 2345 291 2423 publica
305 2344 464 2422 periculum
481 2344 612 2421 parturit,
623 2344 743 2402 consilio
757 2345 909 2403 discutiam
926 2351 956 2404 et

117 2425 322 2502 comprimam!
371 2430 417 2482 85.
442 2423 500 2482 Sed
524 2423 596 2501 quid
618 2425 735 2482 tandem
759 2422 816 2495 fiet,
838 2424 862 2480 si
885 2423 955 2482 haec

116 2504 211 2581 elapsa
224 2504 260 2561 de
274 2502 407 2560 manibus
420 2503 525 2560 nostris
541 2503 572 2559 in
589 2521 655 2560 eum
669 2521 784 2575 annum,
797 2503 847 2579 qui
859 2521 956 2560 conse·

117 2584 221 2658 quitur‚
233 2581 439 2640 redundarint?
479 2581 564 2640 Unus
581 2581 635 2638 crit
651 2583 793 2641 consulet
808 2583 833 2639 is
849 2600 907 2638 non
924 2580 955 2636 iu

116 2660 343 2719 administrando
357 2660 441 2731 bellu,
454 2660 504 2718 sed
519 2661 551 2718 in
567 2659 733 2718 sufficiendo
749 2661 859 2737 collega
874 2678 956 2718 occu-

115 2746 207 2816 patus.
240 2740 328 2798 Hunc
341 2741 399 2798 iam
410 2739 461 2817 qui
474 2739 642 2818 impedituri
655 2740 721 2811 sint,
733 2737 752 2774 ⁴³
766 2737 785 2774 ⁴³
799 2737 818 2774 ⁴³
832 2739 881 2796 illa
894 2757 956 2816 pes·

115 2819 153 2876 tis
172 2819 345 2896 immanis,†
365 2820 532 2897 importuna
551 2818 692 2878 Catilinae
711 2824 886 2897 prorumpet,
898 2836 955 2894 qua

115 2899 238 2974 poterit:
260 2904 290 2955 et
309 2899 367 2956 iam
383 2898 493 2976 populo
509 2899 641 2958 Romano
660 2899 802 2956 minatur:
823 2898 854 2955 in
871 2915 956 2972 agros

115 2976 293 3035 suburbanos
312 2985 429 3053 repente
446 2977 607 3036 advolabit:
628 2976 785 3036 versabitur
804 2975 836 3031 in
855 2975 955 3032 rostris

115 3054 203 3127 furor,
218 3056 249 3113 in
270 3057 349 3114 curia
367 3057 464 3127 timor,
482 3057 513 3113 in
533 3057 598 3114 foro
618 3054 785 3124 coniuratio,
800 3053 831 3110 in
851 3071 954 3129 campo

116 3134 262 3206 exercitus,
277 3135 308 3191 in
327 3135 403 3210 agris
419 3135 552 3192 vastitas:
575 3133 654 3191 omni
672 3139 768 3190 autem
787 3131 818 3190 in
834 3130 901 3188 sede
921 3149 953 3186 ac
