2240 3418
264 127 266 134 ·
353 119 432 170 oar.
449 119 815 183 xn1.-xn1v‚‚§roarra.·
853 123 857 128 ·
897 123 1003 174 cn

161 227 322 280 tamentum
339 221 451 278 irritum
465 220 535 278 feeit
546 239 560 279 :⁴
576 221 655 297 quod
669 221 755 279 etiarn
768 222 876 280 infimis
893 223 1003 282 civibus

162 321 274 378 semper
295 300 446 358 obtentum
467 307 517 358 est.
561 299 658 378 Signa,
670 300 789 373 tabulas,
802 321 872 379 quas
892 303 1002 381 populo
1024 345 1030 350 -

162 381 266 438 Cacsar
279 400 337 438 una
350 399 415 438 cum
429 380 521 438 hortis
535 381 648 458 legavit,
661 401 707 438 eas
721 381 768 438 hic
778 382 885 459 partim
896 383 927 440 in
937 384 1002 442 hor-

161 467 207 519 tos
221 457 355 538 Pompeii
369 460 539 536 deportavit,
551 461 657 538 partim
671 461 702 518 in
716 461 813 518 villam
828 461 979 540 Scipionis.

101 585 105 594 .
174 593 176 598 .
201 539 308 598 XLIII.
340 545 405 597 110.
421 539 460 597 Et
473 546 505 596 tu
519 541 550 597 in
564 540 692 598 Caesaris
708 542 847 599 memoria
859 543 1001 620 diligens?
1059 553 1061 558 '

160 626 194 678 tn
210 620 291 677 illum
308 639 387 678 amas
403 621 568 678 mortunml
608 619 701 689 Quem
717 622 743 678 is
756 621 896 680 honorem
913 625 1001 682 maio-

160 719 220 758 rem
243 706 412 758 consecutus
434 706 502 771 erat,
515 719 601 777 quam
621 707 654 759 ut
675 701 793 759 haberet
811 701 950 780 pulvinar,
966 705 1001 760 si·

160 779 328 850 mulacrum,
342 781 501 857 fastigium,
516 779 681 838 flamineml
721 781 774 839 Est
796 801 864 860 crgo
885 782 998 854 flamen,

160 867 193 918 nt
209 859 280 930 Iovi,
292 867 325 917 ut
339 859 432 931 Marti,
445 868 478 918 ιιι
492 859 621 932 QuIrino,
633 861 674 918 sie
687 861 754 920 divo
769 861 843 920 Iulio
860 862 898 920 M.
909 863 1000 920 Anto-

160 941 241 998 ninsf
281 939 359 1008 Quid
382 941 472 1017 igitur
495 941 605 999 cessasl
645 941 705 1000 Cur
728 961 787 999 non
811 943 1000 1020 inauguraret

160 1019 247 1078 Sume
262 1020 357 1078 diem:
378 1021 444 1079 vide
456 1021 505 1098 qui
515 1029 545 1078 te
559 1022 727 1099 inauguret:
749 1022 874 1099 collegae
885 1041 1001 1094 sumum

159 1116 245 1158 nemo
261 1099 385 1178 negabit.
428 1100 455 1160 Ο
469 1100 667 1159 detestabilem
681 1102 837 1174 hominem,
850 1103 908 1160 sive
922 1101 1000 1180 quod

75 1249 82 1260 ·
159 1181 275 1257 tyranni
286 1181 417 1238 sacerdos
431 1200 461 1238 cs
475 1181 534 1239 sive
548 1182 627 1259 quod
641 1182 764 1240 mortuil
796 1180 908 1250 Quaero
922 1182 999 1240 dein-

160 1279 234 1338 ceps,
250 1279 319 1317 num
339 1259 505 1320 hodiemns
517 1261 578 1319 dies
593 1262 649 1339 qui
670 1262 707 1319 sit
727 1263 859 1339 ignores?
900 1262 999 1320 Nescis

103 1375 106 1382 ·
160 1339 221 1397 heri
242 1347 375 1417 quartum
396 1341 426 1397 in
446 1341 530 1400 Circo
552 1342 629 1400 diem
642 1341 783 1400 ludorum
803 1341 999 1400 Romanorum

160 1419 264 1478 fnisset
280 1428 310 1478 tc
321 1427 416 1478 autem
429 1421 524 1498 ipsum
534 1422 571 1479 ad
579 1421 718 1500 populum
730 1422 828 1479 tulisse
839 1429 872 1479 ut
883 1423 1000 1499 quintus

160 1508 305 1576 praetcrea
320 1501 382 1559 dies
398 1501 512 1559 Caesari
528 1501 721 1560 tribuereturl
753 1501 813 1558 Cur
829 1520 888 1559 non
902 1521 1000 1559 snmus
1068 1563 1071 1570 ,

159 1581 349 1657 praetextati?
389 1581 448 1639 Cur
461 1581 601 1640 honorem
616 1581 744 1640 Caesaris
757 1588 809 1639 tna
822 1580 885 1658 lege
899 1581 999 1639 datum

159 1660 251 1719 deseri
262 1661 405 1739 patimnrl
421 1681 457 1719 an
469 1661 692 1739 supplicationes
702 1662 836 1719 addendo
846 1661 922 1719 diem
935 1681 1000 1719 con·

160 1741 293 1800 taminari
304 1761 404 1818 passus
415 1759 453 1812 es,
463 1741 624 1818 pulvinaria
632 1741 769 1800 noluistil
800 1742 862 1800 Aut
872 1741 1000 1818 undique

160 1820 329 1898 religionem
349 1821 419 1879 tolle
438 1829 595 1899 nutusque
613 1841 725 1900 quaque
746 1841 888 1880 conserva
933 1827 998 1880 111.

160 1899 279 1968 Quaeris
295 1901 442 1978 placeatne
458 1900 531 1959 milri
547 1900 679 1978 pulvinar
695 1906 764 1974 esse,
779 1903 938 1980 fastigium,
952 1902 1001 1960 fla-

159 1981 277 2038 minem.
319 1981 392 2038 Mihi
413 2000 480 2040 vero
500 1980 573 2040 nihil
594 1981 720 2039 istorum*
736 1982 837 2059 placet.
880 1982 937 2041 Sed
957 1990 998 2054 tu,

160 2061 210 2137 qui
225 2067 289 2118 acta
301 2059 430 2119 Caesaris
444 2061 584 2131 defendis,
594 2060 665 2138 quid
679 2068 762 2140 potes
776 2061 869 2118 dicere
883 2080 933 2119 cnr
946 2062 1001 2120 alia

160 2141 308 2212 defendas,
323 2140 379 2198 alia
398 2160 457 2198 non
480 2142 580 2200 euresl
620 2141 685 2200 Nisi
706 2141 782 2199 forte
803 2142 846 2198 vis
866 2141 950 2199 fateri
971 2149 1000 2200 te

160 2217 258 2278 omnia
269 2228 388 2298 quaestu
402 2227 461 2292 tuo,
469 2239 528 2278 non
540 2220 616 2278 illins
629 2220 770 2298 dignitate
784 2220 887 2278 metiri.
923 2219 1001 2290 Quid

159 2301 197 2358 ad
207 2301 278 2358 haec
288 2301 424 2359 tandeml
458 2300 601 2378 Exspecto
616 2301 693 2358 enim
708 2300 899 2377 eloquentiam
910 2308 999 2360 tuam.

159 2379 389 2438 Disertissirnum
400 2381 523 2458 cognovi
532 2400 617 2438 avum
625 2388 725 2438 tunm:
747 2387 815 2438 atte
825 2381 912 2438 etiam
923 2401 1001 2459 aper·
1101 2435 1105 2442 .

159 2460 263 2518 tiorem
286 2461 317 2517 in
338 2460 468 2519 dicende.
504 2461 561 2519 Ills
577 2479 735 2538 numquam
757 2460 852 2518 nudus
872 2468 916 2518 est
935 2481 1001 2519 con·

159 2541 306 2598 tionatus:
334 2547 417 2599 tunm
438 2540 565 2599 homInis
585 2541 723 2618 simplicis
744 2547 845 2618 pectus
867 2541 999 2599 vidimus.

48 2641 50 2644 ·
160 2618 396 2698 Respondebisne
410 2621 529 2679 adhaec
545 2627 596 2678 aut
610 2621 729 2679 omnino
743 2620 852 2679 hiscere
866 2620 1001 2678 audebis?

160 2699 274 2777 Ecquid
290 2701 413 2778 reperies
433 2721 468 2760 ex
487 2708 546 2758 tam
568 2701 655 2778 longa
675 2701 805 2760 oratione
825 2719 897 2772 mea,
909 2701 955 2758 cui
972 2707 1001 2758 te

160 2781 332 2857 respondere
353 2800 436 2858 posse
456 2780 601 2839 confidasl
642 2781 700 2839 Sed
715 2781 869 2858 praeterita
888 2781 1001 2838 omitta-
1083 2841 1085 2845 .

149 2871 234 2919 'mus
264 2860 372 2918 XLIV.
396 2867 461 2918 lla.
474 2860 561 2918 Hunc
571 2880 661 2918 unum
673 2860 758 2931 diem,
767 2880 865 2932 unum,
874 2861 1000 2937 inquam,

160 2935 333 2998 hodiernum
347 2940 433 3012 diem,
443 2940 498 3000 hoc
509 2948 649 3018 punctum
663 2940 810 3020 temporis,
822 2959 878 3017 quo
890 2940 999 3017 loquor,

161 3019 295 3092 defende,
307 3021 331 3076 si
351 3028 442 3098 potes.
484 3020 544 3078 Cur
564 3027 739 3079 armatorum
760 3039 867 3078 corona
887 3026 1001 3078 senatus

161 3105 277 3177 saeptus
297 3101 361 3158 estl
383 3119 434 3157 cur
452 3119 500 3157 me
520 3100 565 3157 tui
587 3099 722 3158 satellites
743 3119 808 3158 cnm
831 3100 934 3176 gladiis
954 3118 1011 3172 ιιι-Ι

161 3177 267 3239 diuntl
290 3197 342 3239 cur
357 3179 454 3239 valvae
470 3179 648 3239 Concordiae
669 3199 727 3238 non
748 3181 866 3258 patenti
886 3199 936 3238 cur
951 3178 1002 3237 ho·
