2262 3412
411 123 782 187 CAP.VI11.-X.,§1e21.
991 127 1023 176 vt
1106 107 1119 130 ⁸

183 232 305 284 strarum
319 231 404 304 atque
418 224 572 283 liberorum
586 225 689 296 anima,
701 225 737 283 de
747 225 872 283 fortunis
883 224 1022 297 omnium,

183 306 219 364 de
236 305 359 377 sedibus,
371 305 408 363 de
423 305 498 362 focis
513 303 615 362 vestris
630 303 771 362 hodierno
788 304 835 362 die
851 304 934 362 vobis
950 304 1023 362 iudi·

183 385 307 443 candum
328 390 378 442 est
422 388 468 442 19.
486 383 609 442 Habetis
630 382 732 441 ducem
752 403 910 442 memorem
926 384 1021 456 vestri,
1079 453 1081 457 Ι

183 464 306 522 oblitum
320 463 372 535 sui,
383 482 454 541 qnae
464 483 524 521 non
538 482 650 540 semper
658 462 780 521 facultas
790 463 890 521 datur:
911 462 1023 521 habetis

183 563 284 601 omnes
300 543 422 615 ordines,
434 562 534 600 omnes
549 542 689 614 homines,
701 543 865 600 universum
881 542 1022 620 populum

182 623 355 694 Romanurn,
367 622 399 680 id
415 622 494 700 quod
509 623 540 679 in
557 621 634 679 civili
650 641 735 680 causa
747 621 887 680 hodierno
904 622 951 680 die
967 623 1023 700 pri-

181 721 264 760 mum
277 702 416 774 videmus,
428 721 517 759 unum
532 706 618 778 atque
632 701 710 759 idem
724 702 902 760 sentientem.
938 701 1024 779 Cogi·

182 789 242 840 tate
262 782 377 860 quantis
398 779 543 840 laboribus
563 781 719 838 fundatum
739 781 901 859 imperium,
916 788 1024 858 quanta

182 862 287 919 virtute
301 860 455 919 stabilitam
466 861 636 932 libertatem,
645 868 752 938 quanta
765 861 885 920 deorum
895 860 1024 937 benigni-

182 948 241 999 tate
261 948 359 999 auctas
379 947 618 1019 exaggeratasque
634 941 766 999 fortunas
781 960 839 998 una
856 959 915 998 nox
932 958 1023 1017 paene

182 1020 290 1079 delerit
326 1019 409 1079 Idne
422 1039 560 1098 umquam
573 1020 694 1098 posthac
707 1039 768 1078 non
780 1020 869 1078 modo
883 1039 942 1077 non
957 1038 1024 1078 con-

182 1085 237 1172 fici,
250 1099 300 1158 sed
316 1119 353 1158 ne
371 1099 492 1177 cogitari
509 1099 626 1177 quidem
642 1100 734 1178 possit
750 1119 767 1158 a
783 1099 901 1172 civibus,
912 1098 1024 1157 hodier-

182 1199 221 1238 no
242 1179 290 1237 die
309 1179 520 1257 providendum
541 1186 591 1237 est
633 1178 732 1256 Atque
752 1178 822 1237 haec
837 1198 898 1236 non
914 1185 947 1235 ut
962 1197 1021 1249 vos,

183 1259 234 1338 qui
244 1258 317 1316 mihi
331 1258 427 1316 studio
438 1277 527 1336 paene
537 1259 726 1336 praecurritis
739 1259 899 1329 excitarem,
910 1257 1023 1315 locutus

184 1359 256 1411 sum,
271 1338 321 1396 sed
336 1345 371 1396 ut
386 1357 451 1396 mea
466 1357 531 1410 vox,
547 1357 619 1416 quae
636 1337 723 1395 debet
738 1357 798 1396 esse
815 1337 846 1395 iu
862 1336 1024 1414 republica

183 1419 323 1497 princeps,
335 1417 430 1476 officio
443 1418 545 1476 functa
558 1417 698 1476 consulari
711 1417 862 1475 videretur.

223 1497 262 1557 X
298 1504 345 1558 20.
361 1489 447 1556 Nunc
463 1505 529 1556 ante
544 1483 630 1576 quim
644 1496 681 1554 ad
695 1496 866 1555 sententiam
880 1495 975 1568 redeo,
987 1495 1024 1553 de

183 1597 230 1636 me
244 1596 335 1656 pauca
348 1578 450 1636 dicam.
486 1577 559 1655 Ego,
571 1584 679 1655 quanta
690 1595 793 1634 manus
807 1582 850 1634 est
864 1577 1025 1634 coniurato·

183 1677 257 1730 rum,
269 1677 355 1736 quam
372 1658 476 1716 videtis
494 1677 554 1715 esse
574 1675 768 1735 permagnam,
779 1663 891 1714 tantam
904 1675 951 1714 me
971 1655 1024 1713 ini·

184 1738 325 1795 micorum
346 1737 563 1807 multitudinem
586 1737 741 1814 suscepisse
763 1736 864 1794 video:
889 1735 1024 1793 sedeam

184 1816 281 1875 iudico
298 1836 358 1875 esse
371 1823 485 1894 turpem
502 1823 531 1874 et
543 1814 687 1874 infirmam
704 1823 733 1874 et
746 1815 894 1874 abiectam.
937 1813 1023 1884 Quod

186 1896 211 1953 si
226 1896 380 1973 aliquando
396 1895 515 1953 alicuius
530 1896 628 1952 furore
644 1902 673 1952 et
689 1895 792 1953 scelere
808 1895 951 1952 concitata
966 1914 1025 1952 ma·

185 1994 240 2032 nus
250 1975 305 2032 ista
314 1975 379 2051 plus
392 1974 512 2032 valuerit
523 1993 609 2051 quam
619 1980 712 2031 vestra
725 1993 758 2032 ac
768 1974 808 2031 rei
822 1973 953 2051 publicae
964 1973 1025 2051 dig-

186 2054 269 2125 nitas,
287 2073 334 2111 me
357 2060 454 2110 tamen
473 2072 604 2116 meorum
624 2052 767 2130 factqrum
788 2060 875 2130 atque
894 2053 1025 2111 oonsilio-

186 2151 251 2190 rum
273 2150 439 2209 numquam,
454 2139 550 2209 patres
572 2133 735 2209 conscripti,
752 2131 920 2210 poenitebit.
959 2132 1025 2190 Ete-

186 2212 248 2269 nim
264 2230 350 2283 mors,
362 2230 448 2288 quarn
461 2211 504 2268 illi
519 2211 593 2268 mihi
605 2213 727 2269 fortasse
742 2211 921 2282 minitantur,
933 2212 1024 2269 omni-

187 2290 242 2350 bus
255 2297 299 2349 est
311 2298 426 2368 parata:
448 2291 523 2349 vitae
535 2298 646 2348 tantam
660 2290 782 2362 laudern,
795 2297 901 2368 quanta
914 2309 965 2347 vos
978 2309 1025 2348 me

186 2371 287 2429 vestris
301 2370 422 2429 decretis
435 2370 615 2441 honestastis,
627 2389 713 2428 nemo
727 2377 771 2428 est
780 2369 939 2427 adsecutus
974 2369 1026 2427 Oe-
1075 2406 1078 2413 .

186 2452 255 2509 teris
268 2451 345 2509 enim
356 2449 429 2508 bene
442 2457 547 2528 gestae,
559 2450 633 2508 mihi
645 2450 697 2508 uni
710 2455 891 2509 conservatae
904 2449 945 2506 rei
955 2448 1026 2526 pub-

186 2530 257 2589 licae
267 2530 487 2608 gratulationem
501 2530 673 2588 decrevistis
710 2535 756 2588 al.
769 2529 815 2587 Sit
824 2527 923 2606 Scipio
933 2529 1026 2587 clarus

186 2610 242 2683 ille,
255 2611 336 2669 cuius
349 2611 470 2669 consilio
480 2617 566 2689 atque
576 2611 681 2668 virtute
692 2609 838 2668 Hannibal
852 2609 883 2667 iu
893 2608 1025 2667 Africam

186 2690 278 2749 redire
295 2697 382 2768 atque
402 2709 437 2748 ex
453 2689 537 2748 Italia
555 2690 690 2749 decedam
711 2696 826 2748 coactus
843 2696 894 2760 est,
910 2695 1027 2746 ornetur

186 2769 257 2828 alter
271 2770 376 2828 eximia
385 2769 469 2828 laude
478 2770 642 2842 Africanus,
655 2770 705 2848 qui
718 2769 790 2828 duas
803 2769 887 2827 urbes
896 2767 964 2826 huic
974 2768 1027 2826 im·

186 2850 266 2928 perio
277 2849 485 2922 infestissimas,
496 2849 704 2927 Karthaginem
716 2849 967 2925 Numantiamque,
979 2847 1027 2905 de

186 2929 263 3002 levit,
275 2929 413 2988 habeatur
422 2929 466 2987 vir
479 2930 610 3006 egregius
620 2928 737 2987 Paullus
750 2928 806 3001 ille,
818 2928 898 2986 cuius
912 2943 1026 2984 cunum

89 3073 95 3084 ¹
187 3028 236 3067 rex
257 3009 473 3088 potentissimus
494 3009 639 3086 qnondam
664 3015 693 3067 et
716 3007 910 3066 nobilissimus
924 3006 1025 3064 Perses

187 3088 358 3161 honestavit,
371 3090 409 3147 sit
424 3094 539 3146 aeterna
553 3089 646 3166 gloria
658 3087 773 3158 Marius,
786 3087 835 3164 qui
852 3086 897 3144 bis
913 3085 1026 3143 Italiam

188 3168 337 3228 obsidione
357 3177 387 3228 et
408 3175 489 3229 metu
512 3167 656 3228 servitutis
679 3167 818 3240 liberavit,
836 3172 1027 3244 anteponatur
