2262 3412
328 174 330 179 '
394 170 473 221 CAP.
490 169 618 232 IK-XI„
635 168 753 230 §24-30.
959 171 992 222 ῚῚΛ11

155 272 244 351 igitur
253 270 309 328 hoc
319 269 437 328 homine
451 269 586 328 scientior
595 275 732 348 um'quam
743 276 792 328 aut
803 270 860 329 fuit
871 277 921 330 aut
934 291 994 332 essa

155 352 273 410 debuitl
292 350 342 428 qui
356 349 454 408 eludo
469 358 555 427 atque
569 369 585 407 e
598 351 736 427 pueritiae
751 351 909 428 disciplinis
918 351 994 410 bello

154 431 281 489 maximo
292 437 378 507 atque
392 429 536 487 acerrimis
546 429 678 487 hostibus
692 431 729 488 ad
739 431 828 508 patris
839 432 994 489 exercitum

155 518 241 588 atque
262 510 292 566 in
311 509 430 567 militiae
449 509 630 586 disciplinam
648 511 795 586 proiectus
816 512 994 588 111111111-

129 613 132 618 ·
155 597 246 648 trema
259 589 383 666 pueritia
398 589 481 646 miles
497 589 527 646 in
542 589 667 646 exercitu
683 589 740 647 fuit
755 591 859 647 summi
875 591 995 668 impera·
1059 591 1061 598 ’

155 671 234 740 toris,
245 670 362 727 ineunte
376 669 568 726 adolescentia
580 669 699 726 maximi
713 670 773 746 ipse
790 670 930 728 exercitus
942 671 995 727 im-

155 756 277 827 perator,
290 749 340 826 qui
356 749 469 826 saepius
485 768 550 806 cnm
572 748 655 806 hoste
671 748 800 806 conflixit
817 769 902 826 quam
920 751 995 826 quis·

156 848 241 906 quam
266 848 332 886 cum
355 829 474 886 inimico
492 829 683 900 concertavit,
701 829 782 906 plura
805 828 879 886 bella
905 831 994 906 gessit

156 927 241 986 quam
250 908 336 966 ceteri
347 908 485 985 legerunt,
495 908 590 985 plnres
600 909 760 986 provincias
771 909 896 966 confecit
907 928 993 987 quam
1050 931 1054 937 ’

155 988 203 1045 alii
224 988 457 1065 concupiverunt,
472 989 553 1046 cuius
573 988 764 1046 adolescentia
787 989 824 1046 ad
845 989 993 1046 scientiam

153 1068 196 1125 rei
209 1067 341 1125 militaris
355 1087 414 1125 non
427 1068 528 1126 alienis
538 1069 704 1147 praeceptis,
720 1068 771 1126 sed
784 1069 842 1126 suis
856 1069 991 1145 imperiis,

155 1166 214 1205 non
231 1148 439 1206 offensionibus
455 1148 531 1220 belli,
544 1149 594 1206 sed
609 1148 745 1220 victoriis,
757 1167 815 1205 non
833 1148 992 1225 stipendiis,

156 1228 206 1285 sed
216 1227 370 1305 triumphis
385 1235 428 1286 est
442 1228 560 1286 erudita.
596 1227 682 1296 Quod
693 1227 816 1305 denique
829 1247 919 1304 genus
933 1247 993 1285 esse

155 1306 223 1364 belli
236 1315 340 1384 potest,
353 1309 383 1364 in
401 1327 458 1386 quo
475 1308 555 1365 1111111
574 1326 632 1364 non
650 1308 805 1365 exercuerit
821 1307 939 1364 fortuna
952 1307 993 1364 rei

155 1387 306 1464 publicael
350 1387 449 1460 Civile,
472 1387 652 1458 Africanum,
673 1386 902 1464 Transalpinum,
927 1387 994 1444 His·

155 1468 291 1544 paniense
304 1464 428 1525 mixtum
445 1487 480 1525 ex
496 1467 606 1524 civibus
623 1473 708 1545 atquc
723 1487 758 1525 ex
772 1465 994 1525 bellicosissimis

155 1547 329 1622 nationibus,
351 1547 458 1618 servile,
477 1547 574 1604 navale
597 1546 714 1618 bellum,
732 1548 809 1605 varia
832 1553 861 1604 et
883 1546 994 1604 diversa

155 1645 260 1703 genera
276 1633 305 1685 11
320 1626 506 1684 111111111111
521 1625 657 1697 hostium,
673 1645 731 1683 non
749 1627 841 1684 solum
860 1634 941 1703 gesta
957 1626 993 1684 ab

155 1706 211 1764 hoc
228 1726 294 1777 uno,
310 1706 361 1764 sed
377 1706 463 1763 etiam
480 1706 619 1782 confecta,
631 1705 739 1763 nullam
753 1726 812 1764 rem
830 1726 890 1800 esse
904 1706 994 1764 decla

155 1794 220 1844 rant
236 1787 266 1842 in
281 1806 336 1843 usn
357 1786 481 1864 positam
501 1785 627 1858 militari,
643 1805 715 1864 quae
734 1785 820 1843 huius
836 1786 890 1843 vni
906 1787 994 1844 scien·

155 1857 226 1923 tiam
240 1867 340 1943 fugere
354 1867 452 1942 possit.

195 1945 249 2003 XI.
285 1951 332 2002 29.
350 1944 412 2002 Iam
433 1963 499 2002 vero
516 1943 616 2002 virtuti
637 1943 689 2003 On.
701 1944 835 2022 Pompeii
856 1964 928 2022 quae
944 1964 994 2022 po

155 2029 213 2082 test
229 2025 320 2082 oratio
341 2043 393 2101 par
410 2025 550 2106 invenirit
590 2023 668 2092 Quid
684 2031 727 2082 est
744 2025 822 2101 quod
843 2025 993 2102 qnisquam

156 2110 206 2162 aut
219 2104 271 2175 illo
286 2104 407 2182 dignum
423 2111 473 2162 aut
489 2104 571 2161 vobis
584 2123 690 2162 novum
705 2111 755 2162 aut
769 2105 901 2181 cuiquam
916 2105 995 2162 inau-

156 2183 250 2241 ditum
266 2185 357 2262 possit
373 2184 503 2242 adferret
543 2183 735 2261 Neque-enim
753 2183 818 2241 illae
835 2191 901 2242 sunt
918 2184 993 2242 solae

151 2264 276 2321 rvirtutes
289 2264 496 2341 imperatoriae,
509 2283 580 2340 qnae
594 2263 680 2340 vulgo
695 2264 901 2335 existimantur,
913 2264 994 2320 labor

155 2343 186 2400 in
204 2344 336 2420 negotiis,
348 2343 492 2401 fortitudo
508 2342 539 2399 in
556 2343 697 2420 periculis,
708 2343 849 2401 industria
863 2344 893 2400 in
910 2362 994 2420 agen·

9 2461 11 2490 2
101 2433 104 2438 '
156 2423 203 2494 dc,
215 2424 343 2481 celeritas
356 2423 386 2480 in
398 2421 583 2493 conficiend0,
594 2422 744 2480 consilium
758 2423 789 2478 in
799 2423 992 2499 providendo:

156 2521 228 2580 quae
244 2510 326 2561 tanta
346 2509 412 2560 sunt
429 2503 458 2559 in
475 2502 531 2559 hoc
547 2521 614 2573 uno,
630 2509 737 2578 quanta
752 2503 783 2558 in
804 2502 937 2560 omnibus
953 2522 994 2560 re·

155 2582 242 2659 liquis
262 2582 490 2660 imperatoribus,
509 2601 580 2658 quos
599 2589 649 2639 aut
668 2582 793 2639 vidimus
817 2588 867 2639 aut
886 2581 994 2639 audivi·

154 2681 228 2733 mus,
243 2681 302 2719 non
323 2663 447 2719 11111111.
491 2667 537 2720 30.
555 2661 649 2719 Τ11111
669 2668 712 2719 111
733 2661 823 2731 Italia,
840 2681 925 2740 quam
946 2661 994 2719 ille

156 2741 217 2820 ipse
233 2742 326 2799 victor
342 2741 373 2799 L.
386 2741 464 2798 Sulla
479 2740 565 2798 huius
578 2741 683 2798 virtute
700 2735 732 2799 et
743 2741 870 2799 subsidio
884 2742 1003 2799 confes

156 2839 204 2878 sus
218 2828 261 2878 est
274 2821 439 2878 liberatam:
460 2820 541 2878 testis
558 2827 601 2878 est
615 2819 718 2893 Sicilia,
732 2841 817 2898 quam
831 2822 929 2878 multis
943 2840 994 2877 un-

156 2898 243 2977 dique
257 2901 381 2958 cinctam
395 2900 528 2978 periculis
541 2919 600 2956 non
614 2907 720 2958 terrore
730 2900 806 2972 belli,
819 2900 868 2958 sed
882 2901 994 2957 consilii

156 2981 300 3038 celeritate
317 2980 485 3058 explicavit:
507 2980 588 3037 testis
609 2987 652 3037 est
668 2979 777 3051 Africa,
793 2999 864 3057 quse
880 2979 994 3056 magnis

157 3069 292 3138 oppressa
301 3060 429 3118 hostiurn
444 3058 534 3136 copiis
548 3079 646 3117 eorum
660 3059 788 3136 ipsorum
803 3059 939 3135 sanguine
953 3078 994 3115 rs-

157 3139 312 3198 dundavit:
334 3140 416 3198 testis
430 3146 473 3196 est
483 3139 583 3210 Gallia,
616 3159 647 3196 er
660 3158 745 3215 qnam
756 3137 916 3214 legionibus
931 3157 994 3194 nos·

153 3219 208 3277 1111
228 3221 284 3279 iter
303 3220 334 3277 in
350 3218 525 3297 Hispaniam,
543 3158 691 3277 (italiorum
711 3217 898 3275 internicione
917 3224 994 3292 pate
