2262 3412
139 135 172 183 92
335 130 406 182 PRO
422 132 452 181 L.
469 131 623 181 MURENA
639 130 782 182 ORATIO.

130 217 311 311 dophilippo
326 231 487 326 QMetelli,
500 233 535 292 de
550 233 708 292 Corinthus
722 233 752 291 L
763 233 914 292 Mummii.
936 235 980 293 sin

139 315 209 372 haec
230 313 303 371 bella
322 313 490 391 gravissima
509 310 699 392 uictoriaeque
720 333 818 372 eorum
839 313 979 372 bellomm

139 394 309 451 clarissimae
323 393 448 465 fuerunt,
428 400 511 451 tour
522 393 733 451 Asiaticaet
683 401 733 451 nat
734 394 814 451 iones
830 401 916 471 atque
932 395 979 454 ille

139 494 156 532 a
172 481 201 532 te
217 472 308 531 hostis
326 436 538 532 contemhiturl
578 473 620 531 At
608 473 671 550 tqui
687 493 722 531 ex
738 481 866 532 veterum
885 493 978 534 rerum

138 554 333 612 monumentis
351 553 395 612 vel
414 554 573 611 maximum
591 552 698 624 bellum
716 554 856 631 populum
875 553 979 612 Roma·
1066 597 1069 602 -

139 653 208 691 uum
225 653 291 691 cum
309 653 376 711 rege
392 633 539 691 Antiocho
555 633 675 712 gessisse
692 633 793 692 video:
814 634 895 692 cuius
910 635 979 693 belli

138 715 230 772 victor
250 713 281 771 L.
297 713 395 791 Scipio
419 732 509 791 aequa
528 721 611 791 parta
632 733 697 771 cum
719 713 752 771 P.
767 715 856 772 fratre
877 714 977 806 gloria,

139 813 224 871 quam
245 794 359 851 laudem
380 793 427 851 illa
447 794 548 852 Africa
568 813 703 871 oppressa
723 795 894 871 cognomine
914 795 978 886 ipso

137 893 205 951 prae
224 894 256 932 se
275 873 394 945 ferebat,
409 867 539 932 eanidem
558 873 605 931 hic
626 874 680 931 sibi
701 893 735 932 ex
754 874 841 932 Asiae
861 875 978 932 nomine

138 953 316 1045 adsumpsit:
349 960 394 1011 32.
417 953 482 1022 Quo
499 954 639 1046 quidem
632 973 662 1011 m
679 953 753 1012 bello
768 954 858 1012 virtus
874 954 978 1012 enituit

138 1034 252 1110 egregia
270 1033 309 1092 M.
322 1033 449 1105 Catonis,
464 1034 564 1110 proavi
579 1035 640 1092 tui:
662 1053 719 1111 quo
738 1034 794 1106 ille,
810 1054 876 1092 oum
895 1041 976 1106 esset,
1071 1075 1074 1080 -

138 1123 171 1171 ut
187 1133 241 1190 ego
258 1112 331 1171 mibi
348 1120 451 1185 statuo,
464 1113 536 1185 talis,
549 1114 660 1191 qualem
676 1121 705 1172 te
719 1134 779 1172 esse
793 1114 885 1184 video,
897 1133 978 1172 num-

138 1212 223 1270 quam
238 1213 303 1252 cum
315 1192 450 1270 Scipione
464 1201 537 1252 essct
546 1195 702 1272 profectus,
712 1194 736 1251 si
750 1213 816 1252 cum
829 1194 978 1252 muliercu-

136 1272 171 1330 lis
182 1272 346 1331 bellandum
360 1273 509 1332 arbitraret
497 1280 550 1334 t.ur
586 1273 688 1351 Neque
698 1293 765 1332 vero
780 1274 889 1332 cumP
899 1274 978 1332 Afri·

137 1372 208 1410 cano
223 1361 337 1412 senatus
354 1354 466 1430 egisset,
478 1360 512 1411 ut
524 1354 634 1433 legatus
648 1354 730 1411 fratri
743 1353 975 1432 proficisceretur,

136 1452 201 1490 cum
217 1433 277 1510 ipse
291 1432 387 1510 paullo
402 1440 468 1491 ante
482 1432 644 1491 Hannibale
658 1453 693 1491 ex
707 1427 793 1490 Italia
803 1434 930 1511 expulsa,
943 1454 977 1492 ex

136 1513 237 1570 Africa
251 1513 341 1572 eiecto
343 1511 537 1589 ,Karthagine
552 1532 687 1605 oppressa
698 1513 831 1570 maximis
845 1514 978 1590 periculis

136 1611 196 1650 rem
217 1557 361 1671 publicam
383 1591 536 1664 liberasset,
552 1593 608 1650 nisi
626 1593 698 1651 illud
715 1612 800 1686 grave
821 1592 928 1650 bellum
949 1601 978 1652 et

136 1670 288 1730 vehemens
304 1679 418 1749 putaret
419 1692 459 1730 ur.
502 1673 569 1731 XV.
592 1672 722 1749 Atqui
701 1693 725 1730 sr
739 1673 892 1766 diligenter
907 1674 978 1751 quid
1078 1666 1084 1676 ’

136 1752 317 1810 Mithridates
331 1752 459 1829 potuerit
472 1760 502 1810 et
516 1753 586 1830 quid
600 1753 725 1811 effecerit
736 1760 765 1810 et
776 1753 826 1831 qui
837 1753 880 1810 vir
890 1753 977 1813 fuerit

136 1832 330 1903 considerans,
353 1831 486 1890 omnibus
513 1832 635 1910 regibus,
656 1832 825 1911 quibuscum
853 1833 978 1911 populus

136 1912 282 1970 Romanus
298 1912 405 1971 bellum
422 1913 518 1990 gessit,
533 1913 610 1971 hunc
629 1932 726 1990 regem
745 1913 882 1970 nimirum
901 1921 978 1972 ante·

136 2011 242 2070 pones:
260 2012 345 2069 quem
357 1993 387 2051 L.
397 1993 482 2064 Sulla,
493 1994 618 2051 maximo
629 2000 658 2052 et
668 1993 828 2052 fortissimo
842 1995 976 2066 exercitu,

135 2092 251 2150 pugnax
268 2080 297 2131 et
313 2093 377 2130 acer
395 2080 425 2130 et
440 2093 499 2131 non
515 2074 595 2132 rudis
611 2074 774 2150 imperator,
790 2081 824 2131 ut
842 2074 920 2132 aliud
935 2076 978 2132 ni·

135 2153 176 2210 hil
190 2153 292 2225 dicam,
305 2173 369 2211 cum
388 2153 463 2211 bello
480 2153 625 2212 invectum
639 2154 775 2212 totamin
790 2154 899 2227 Asiam,
911 2174 976 2212 oum

134 2253 204 2310 pace
220 2234 347 2292 dimisit:
370 2253 454 2311 quem
472 2232 502 2291 L
515 2233 641 2306 Murena,
656 2240 739 2311 pater
754 2235 978 2306 huiusce„vehe-

135 2315 311 2373 meritissime
341 2314 614 2393 vigilantissimeque
646 2323 789 2386 vexatum,
806 2329 976 2392 'repressum

134 2413 240 2472 magua
259 2415 294 2453 ex
314 2402 403 2471 parte,
421 2413 482 2455 nou
501 2414 669 2473 oppressum
690 2395 822 2472 reliquit:
848 2396 898 2472 qui
918 2415 975 2466 rex,

135 2474 189 2532 sibi
206 2475 316 2552 aliquot
332 2475 414 2533 annis
433 2476 555 2552 sumptis
572 2475 609 2532 ad
625 2474 834 2533 confirmandas
853 2475 977 2533 rationes

135 2561 165 2612 et
185 2555 281 2632 copias
302 2554 377 2627 belli,
392 2562 506 2613 tantum
528 2575 584 2632 spe,
598 2562 760 2632 conatuque
781 2554 878 2626 valuit,
893 2561 927 2612 ut
947 2573 995 2617 se.

135 2634 282 2693 Oceanum
299 2654 364 2692 cum
381 2634 486 2706 Ponto,
502 2635 621 2692 Sertorii
634 2635 732 2712 copias
750 2653 816 2692 cum
834 2634 893 2692 suis
912 2652 978 2691 oon·
1090 2645 1094 2654 '

135 2714 299 2772 iunctumm
322 2721 442 2792 putaret.
493 2721 538 2772 33.
562 2714 612 2772 Ad
633 2715 712 2792 quod
732 2709 839 2773 bellum
864 2712 977 2772 duobus

134 2794 299 2852 consulibus
315 2795 356 2852 ita
372 2794 474 2864 missis,
486 2801 519 2852 ut
533 2795 604 2852 alter
617 2794 814 2852 Mithridatem
829 2813 977 2872 perseque-

134 2881 219 2944 retur,
235 2873 306 2932 alter
324 2873 494 2950 Bithyniam
511 2881 645 2946 tueretur,
660 2874 776 2932 alterius
795 2893 839 2932 res
857 2880 978 2932 etterra

134 2961 163 3010 et
177 2954 248 3011 mari
266 2953 445 3010 calamitosae
462 2953 644 3012 vehomenter
659 2960 688 3012 et
705 2973 774 3030 opes
790 2954 866 3031 regis
883 2960 912 3011 et
927 2972 978 3010 no

134 3051 200 3090 men
215 3040 370 3090 auxerunt:
388 3031 419 3090 L
428 3031 538 3090 Luculli
549 3053 616 3090 vero
630 3053 674 3091 res
686 3039 783 3090 tantae
797 3033 976 3104 exstiterunt,

135 3119 168 3169 ut
188 3132 281 3188 neque
301 3111 393 3168 maius
414 3110 519 3170 bellum
541 3113 759 3170 commemorari
776 3114 868 3190 possit
884 3132 977 3190 neque

135 3191 242 3248 maiore
257 3190 376 3247 consilio
390 3197 420 3248 et
434 3191 538 3249 virtute
551 3199 674 3266 gestmn.
716 3191 792 3249 Nam
807 3212 872 3250 oum
887 3193 977 3251 totius
