2240 3418
314 77 347 162 ,’
415 103 756 169 casurum-12
950 110 999 174 ιιι

160 205 236 264 Cum
257 203 342 264 facile
366 205 448 276 orari,
462 204 573 276 Caesar,
588 211 652 269 tum
676 207 763 265 semel
786 207 896 266 exorari
916 209 997 269 soles

160 285 255 349 Nemo
271 303 407 362 umquam
424 292 454 342 te
473 284 623 362 placavit
615 286 756 358 mimicus,
770 288 819 366 qui
840 289 912 346 ullas
928 309 1000 348 rese

160 366 257 425 dissc'
249 385 279 422 m
294 371 322 422 te
337 364 433 422 simult
421 365 489 422 tatis
503 364 636 442 reliquias
650 367 775 425 senserit
818 366 998 446 Quamquam

159 446 207 503 cui
234 451 302 502 sunt
321 444 468 520 inauditae
495 463 559 502 cum
582 445 720 503 Deiotaro
749 447 888 524 querellae
912 451 998 508 tuael

83 573 87 582 ι
159 525 326 601 Numquam
349 531 383 580 tu
406 524 487 582 illum
511 525 678 582 accusavisti
702 532 735 583 ut
755 526 877 598 hostem,
892 529 942 586 sed
966 536 999 587 ιιι

122 673 124 677 Ι
158 605 284 662 amicum
301 602 395 661 officio
411 622 512 681 parum
531 604 674 677 functum,
687 605 765 682 quod
781 609 950 684 propensior
967 609 998 666 in

159 684 212 742 On.
222 684 356 762 Pompeii
376 684 532 741 amicitiam
553 684 656 742 fuisset
677 687 814 762 quam-in
834 694 930 744 tuam:
952 688 998 745 cui

158 770 256 827 tamen
273 764 328 841 ipsi
344 762 386 820 rei
402 763 514 820 veniam
530 769 559 821 te
580 764 713 822 daturum
733 765 822 823 fuisse
840 766 962 839 dicebas,
975 767 998 825 si

158 850 222 901 turn
243 843 348 900 auxilia
367 843 517 920 Pompeio,
529 843 574 906 vel
594 844 619 901 si
639 845 726 903 etiam
747 845 838 903 filium
864 847 997 918 misisset,

158 924 221 1000 ipse
245 923 346 981 aetatis
373 923 555 982 excusatione
579 943 647 982 usus
674 931 755 983 esset.
799 931 845 984 10.
863 925 909 983 Ita
932 944 998 983 cum

158 1003 291 1060 maximis
312 1022 378 1060 eum
399 1002 483 1060 rebus
507 1002 647 1075 liberares,
665 1023 832 1081 perparvam
857 1005 999 1063 amicitiae

159 1082 272 1160 culpam
286 1081 472 1159 relinquebas.
514 1082 615 1161 Itaque
629 1103 688 1141 non
705 1084 796 1142 solum
812 1085 842 1141 in
860 1104 925 1142 eum
940 1105 998 1142 non

158 1162 393 1234 animadvertisti,
406 1161 457 1220 sed
478 1163 558 1220 omni
577 1170 657 1220 metu
677 1163 841 1236 liberavisti,
852 1163 999 1241 hospitem

158 1242 311 1334 agnovisti,
326 1261 423 1319 regem
445 1242 592 1320 reliquisti.
635 1242 737 1320 Neque
761 1244 838 1300 enim
858 1243 906 1301 ille
931 1244 998 1301 odio

158 1322 202 1378 tui
223 1341 388 1398 progressus
409 1329 460 1393 est,
475 1323 526 1380 sed
545 1341 637 1380 errore
661 1312 807 1380 communi
828 1322 924 1400 lapsus
945 1329 996 1382 est.
1030 1325 1034 1334 '

119 1449 121 1453 ,
159 1400 188 1458 Is
204 1421 261 1472 rex,
275 1421 360 1479 quern
377 1409 491 1460 senatus
506 1402 563 1460 hoo
579 1402 696 1460 nomine
713 1421 796 1480 saepe
812 1401 999 1460 bonorificen-

158 1480 277 1539 tissimis
294 1481 415 1540 decretis
432 1482 638 1559 appellavisset,
650 1482 755 1560 quique
772 1482 853 1539 illum
868 1483 998 1539 ordinem

158 1560 195 1618 ab
209 1561 400 1619 adolescentia
413 1562 611 1638 gravissimum
627 1562 894 1639 sanctissimumque
905 1561 999 1619 duxis-

158 1647 210 1712 set,
225 1641 328 1699 iisdem
348 1641 433 1699 rebus
453 1649 496 1699 est
515 1641 698 1718 perturbatus
718 1641 806 1698 homo
824 1641 999 1734 longinquus

158 1727 189 1780 et
209 1721 376 1798 alienigena,
393 1721 496 1858 quibus
517 1740 569 1778 noa
589 1721 620 1778 in
641 1721 737 1779 media
756 1721 918 1798 republica
937 1721 998 1779 nati

159 1819 327 1892 semperque
347 1801 459 1858 versati.
501 1800 553 1860 IV.
588 1806 633 1859 11.
652 1801 726 1859 Cum
751 1800 863 1858 audiret
885 1805 999 1858 senatus

158 1880 364 1938 consentientis
378 1880 546 1938 auctoritate
557 1900 636 1938 arma
647 1886 761 1958 sumpta
772 1874 867 1972 [esae]‚
878 1879 999 1937 consuli-

158 1959 221 2032 bus,
232 1959 418 2037 praetoribus,
430 1960 553 2018 tribunis
569 1960 669 2037 plebis,
681 1959 785 2016 nobis'
778 1965 899 2037 imperat
887 1959 999 2017 toribus

158 2039 373 2116 rempublicam
385 2040 595 2097 defendendam
607 2039 712 2111 datam,
723 2039 892 2096 movebatur
902 2041 998 2096 animo

126 2141 129 2148 ·
158 2126 189 2178 et
202 2120 246 2176 vir
259 2119 326 2177 huic
340 2120 461 2197 imperio
476 2119 664 2177 amicissimus
675 2119 710 2176 de
725 2118 815 2175 salute
828 2119 929 2195 populi
942 2118 999 2175 Ro·
1037 2169 1043 2180 ,

158 2199 238 2256 mani
253 2198 463 2271 extimescebat,
474 2199 505 2256 in
520 2218 576 2276 qua
589 2199 677 2256 etiam
691 2217 771 2255 suam
786 2216 846 2254 esse
860 2197 998 2254 inclusam

158 2278 282 2337 videbat.
319 2278 353 2336 In
368 2298 481 2336 summo
495 2285 592 2336 tamen
605 2279 709 2336 timore
726 2276 929 2354 quiescendum
944 2277 998 2334 sibi

156 2377 220 2416 esse
239 2358 435 2416 arbitrabatur.
477 2358 602 2416 Maxime
616 2377 682 2415 vero
701 2356 882 2434 perturbatus
903 2364 954 2428 est,
966 2364 999 2415 ut

160 2437 269 2496 audivit
285 2437 416 2499 consules
432 2457 467 2496 ex
483 2437 567 2495 Italia
582 2437 744 2516 profugisse
761 2454 917 2513 omnesque
933 2455 999 2493 con·

160 2517 359 2575 sulares—sic
383 2517 460 2575 enirn
477 2517 503 2575 ei
527 2517 900 2575 nuntiabatur-cunctum
922 2534 1000 2572 sena-

159 2603 231 2669 tum,
243 2604 336 2654 totam
355 2596 467 2654 Italiam
485 2597 612 2655 effusam.
654 2596 771 2654 Talibus
792 2596 869 2654 enim
889 2596 999 2652 nuntiis

160 2683 190 2734 et
207 2642 369 2734 rumoribus
385 2676 502 2754 patebat
522 2677 559 2734 ad
578 2677 717 2735 orientem
734 2677 780 2733 via
800 2695 852 2734 nec
872 2675 923 2732 ulli
940 2674 999 2731 veri

155 2755 413 2834 subsequebantur.
455 2756 537 2814 Nihil
561 2757 608 2815 ille
633 2756 678 2814 de
693 2755 909 2814 condicionibus
931 2753 997 2846 titia,

160 2835 233 2892 nibil
244 2837 280 2894 de
295 2836 391 2894 studio
405 2836 573 2894 concordiae
587 2843 617 2894 et
630 2836 716 2913 pacis,
724 2835 796 2892 nihil
808 2834 843 2906 dc
857 2833 999 2910 conspira-

160 2915 240 2973 tione
253 2913 390 2974 audiebat
397 2922 538 2973 certorum
553 2916 704 2973 hominum
719 2921 786 2972 cont
787 2934 818 2971 ra
828 2901 999 2990 dignitatem

157 3001 249 3066 tuam
291 2994 371 3064 Quae
388 3014 453 3053 cum
470 2996 512 3052 ita
527 3002 628 3066 essent,
641 3001 737 3052 tamen
753 3012 843 3070 usque
860 3011 894 3050 eo
911 3011 941 3050 se
959 2999 999 3049 te·

160 3075 226 3133 nuit
227 3075 341 3152 ‚quoad
354 3095 372 3132 a
385 3074 437 3132 Gn.
448 3074 590 3152 Pompeio
605 3039 717 3133 adeum
731 3073 820 3151 legati
832 3072 1000 3149 litteraeque

154 3161 309 3226 ,venerunt
354 3160 400 3213 12.
417 3154 567 3232 Ignosce,
560 3174 685 3232 ignosce,
696 3152 844 3226 Caesar,
823 3171 848 3210 si
866 3152 927 3211 eius
944 3151 1000 3210 viri
