2240 3418
161 175 165 182 .
341 128 420 184 OAP.
437 87 664 194 XL1v.-xLVi.,
680 131 695 193 ᾗ
709 134 831 184 112-118.
960 132 1013 186 273Ῑ

176 273 177 278 1
208 234 299 294 XLV.
332 239 398 292 115.
420 233 581 291 Recordare
608 233 698 310 igitur
721 233 812 306 illum,
832 233 870 292 M.
886 233 1008 308 Antoni,

50 369 55 379 ,
113 362 117 370 .
168 315 328 392 diemque
349 314 521 371 dictaturam
538 312 686 371 sustulisti.
728 313 809 372 Pone
825 321 892 372 ante
911 315 1009 374 oculos

167 394 307 452 laetitiam
329 400 444 452 senatus
467 393 625 471 populique
648 392 791 452 Romani:
819 393 920 469 confer
942 414 1009 453 cum

167 473 221 532 hao
238 474 358 531 immani
374 473 584 530 nundinatione
605 480 656 530 tua
673 480 866 551 tuorumque:
887 481 951 532 tum
967 475 1010 531 in·

66 623 70 630 ,
167 553 280 631 telliges
303 560 443 631 quantum
467 553 543 610 inter
566 553 676 610 lucrum
700 559 730 610 et
753 553 867 611 laudem
887 554 1007 612 intersit.

168 632 226 692 Sed
239 633 385 704 nimirum,
397 638 430 690 ut
444 632 562 710 qnidam
577 631 680 690 morbo
694 631 790 711 aliquo
801 640 831 691 et
841 652 939 692 sensus
953 640 1010 692 stu-

167 732 237 790 pore
248 713 418 770 suavitatem
429 711 485 770 cibi
496 731 555 770 nou
566 713 702 784 sentiunt,
710 712 751 770 sic
761 713 915 786 libidinosi,
923 714 1008 785 avari,

168 792 324 850 facinerosi·
339 811 420 850 verae
440 792 533 850 laudis
553 799 699 870 gustatum
715 811 775 852 non
794 792 908 852 habeut.
951 793 1010 852 Sed

169 872 236 930 site
250 872 311 930 laus
324 872 447 930 adlicere
464 871 501 930 ad
514 880 591 930 recte
605 872 770 931 faciendum
784 891 843 931 non
857 880 961 954 potest,
972 892 1010 932 ne

168 958 263 1010 metus
283 953 400 1030 quidem
421 971 438 1009 a
454 951 631 1010 foedissimis
651 952 737 1010 factis
757 961 854 1031 potest
872 955 1009 1012 avocaret

169 1031 280 1090 Iudicia
292 1051 352 1089 non
365 1032 479 1092 metuis.
515 1031 546 1090 si
559 1039 678 1110 propter
691 1033 894 1105 innocentiam,
906 1033 1009 1092 lando:

169 1112 212 1169 sin
227 1118 345 1189 propter
358 1112 427 1183 vim,
438 1131 497 1170 non
511 1111 656 1189 intelligis,
669 1113 719 1190 qui
732 1113 788 1171 isto
802 1113 890 1172 modo
905 1114 1011 1172 iudicia

54 1184 58 1192 ’
84 1256 87 1261 ,
169 1211 228 1249 non
250 1192 360 1264 timeat,
375 1192 403 1250 ei
423 1192 494 1270 quid
514 1193 676 1250 timendum
698 1193 754 1250 sitt
796 1198 862 1251 116.
877 1192 964 1263 Quod
984 1193 1009 1250 si

169 1291 228 1330 non
248 1273 355 1330 metuis
375 1272 451 1331 viros
475 1273 566 1330 fortes
587 1272 773 1350 egregiosque
793 1273 973 1350 cives„quod
992 1292 1011 1330 a

169 1371 289 1430 corpore
297 1359 349 1410 tuo
357 1351 546 1430 prohibentur
555 1353 650 1424 armis,
657 1352 701 1410 tui
715 1359 753 1424 te,
765 1352 837 1410 mihi
848 1353 939 1425 crede,
949 1353 1011 1410 diu-

42 1496 45 1504 ,
157 1432 300 1490 -tinsnon
316 1433 418 1491 ferent.
460 1431 539 1501 Quae
553 1439 597 1490 est
610 1438 707 1490 autem
721 1433 781 1490 vita
794 1432 856 1490 dies
869 1439 898 1490 et
912 1440 1011 1490 noctes

170 1512 272 1570 timere
285 1531 303 1570 a
316 1513 393 1570 suist
433 1511 497 1569 Nisi
511 1531 579 1570 vero
592 1518 643 1570 aut
656 1512 812 1571 maioribus
820 1511 914 1570 ¹habes
927 1511 1012 1570 bene·
1110 1515 1113 1521 '

170 1590 243 1649 fioiis
263 1591 413 1670 obligatos,
429 1610 515 1669 quam
536 1591 584 1650 ille
605 1591 744 1670 quosdam
764 1591 867 1650 habuit
883 1611 917 1651 ex
934 1592 978 1664 iis,
994 1611 1012 1650 a

171 1671 274 1750 quibus
290 1679 335 1730 est
351 1672 526 1742 interfectae,
538 1679 588 1730 aut
598 1679 630 1730 tu
647 1691 678 1730 es
692 1672 792 1730 ullane
806 1691 872 1730 cum
886 1691 921 1730 eo
935 1691 1012 1730 com-

170 1750 321 1829 parandus.
363 1751 430 1810 Fuit
454 1751 564 1809 inillo‘
586 1751 744 1830 ingenium,
762 1752 845 1824 ratio,
862 1752 1009 1824 memon'a,

171 1831 290 1901 litterae,
300 1849 375 1903 onra,
384 1831 532 1908 cogitatio,
542 1831 711 1909 diligentia:
732 1851 777 1890 res
786 1831 862 1890 bello
876 1839 1010 1910 gesserat,

169 1911 302 1988 quamvis
314 1911 355 1968 rei
369 1910 500 1988 publicae
514 1911 702 1984 calamitosas,
713 1919 744 1970 at
757 1921 855 1970 tamen
871 1932 991 1991 magnas
1003 1931 1010 1970 τ
1022 1944 1034 1974 ·.

170 1990 278 2048 multos
291 2010 382 2048 annos
395 2010 513 2069 regnare
523 1991 688 2063 meditatus,
699 2010 806 2069 magno
816 1991 922 2064 labore,
933 2012 1012 2070 mag-

170 2071 216 2128 nis
237 2071 371 2149 periculis
395 2070 474 2149 quod
497 2070 637 2148 cogitarat
659 2071 809 2129 effecerat:
834 2072 1009 2142 muneribus,

170 2151 374 2221 monumentis,
386 2150 547 2228 congiariis,
556 2150 652 2228 epulis
665 2150 881 2209 multitudinem
896 2152 1011 2228 imperi·

170 2237 231 2288 tam
242 2231 410 2289 delenierat:
432 2248 498 2288 suos
509 2230 651 2309 praemiis,
658 2229 834 2289 aduersarios
844 2231 1011 2289 clementiae

2 2355 6 2365 .
112 2322 130 2367 ’.
158 2306 448 2388 'speciedevinxerat
483 2309 561 2379 Quid
569 2310 678 2368 multat
694 2309 1010 2371 attuleratiamliberae

171 2391 280 2448 civitati
290 2389 395 2468 partim
410 2397 489 2448 metu
503 2391 609 2468 partim
619 2390 760 2468 patientia
773 2390 1010 2449 consuetudinem

171 2470 321 2529 serviendi,
361 2468 468 2528 XLVI.
499 2470 565 2528 117.
581 2469 654 2528 Cum
669 2469 719 2528 illo
733 2489 788 2548 ego
798 2477 828 2528 te
842 2470 1011 2529 dominandi

171 2551 328 2627 cupiditate
345 2550 475 2607 conferre
491 2568 618 2627 possum,
629 2550 731 2608 ceteris
747 2569 814 2608 vero
831 2549 916 2608 rebus
931 2549 1011 2607 nullo

170 2630 259 2687 modo
276 2629 485 2709 comparandus
499 2647 537 2688 es.
573 2629 630 2687 Sed
644 2649 679 2688 ex
692 2630 824 2707 plurimis
837 2630 927 2702 malis,
938 2648 1011 2708 qnae

171 2709 271 2767 abillo
287 2710 328 2767 rei
345 2708 475 2788 publicae
492 2715 559 2767 sunt
575 2709 679 2781 inusta,
689 2709 744 2768 hoc
760 2716 858 2768 tamen
874 2709 944 2767 boni
958 2716 1009 2782 est,

172 2788 251 2866 qnod
264 2788 366 2846 didicit
379 2790 437 2846 iam
451 2789 576 2866 populns
589 2789 738 2847 Romanus
756 2797 894 2868 quantum
908 2789 1011 2866 cuique

171 2869 306 2940 crederet,
327 2868 431 2946 quibua
455 2888 493 2926 se·
509 2869 710 2940 committeret,
726 2889 743 2927 a
767 2869 871 2947 quibus
890 2875 1010 2927 caveret.

171 2947 252 3006 Haeo
272 2967 331 3005 non
353 2949 481 3026 cogitosi
500 2967 594 3026 neque
614 2949 750 3026 intelligis
773 2950 841 3007 satis
863 2968 924 3006 esse
943 2949 1012 3006 viris

170 3027 296 3085 fortibus
310 3027 444 3086 didicisse
455 3047 539 3106 quam
555 3029 593 3085 sit
607 3046 637 3086 re
647 3028 786 3105 pulcrum,
798 3027 936 3087 beneficio
950 3047 1012 3103 gra·

171 3114 244 3179 tum,
258 3108 338 3165 fama
357 3107 514 3184 gloriosum
535 3114 691 3185 tyrannum
712 3108 860 3167 occideret
884 3125 929 3180 an,
945 3127 1011 3165 cum
1071 3129 1072 3134 ¹

171 3186 253 3245 illum
274 3187 406 3245 homines
423 3204 482 3244 non
497 3186 626 3255 tulerint,
638 3193 667 3245 te
688 3187 799 3247 ferenti
835 3193 901 3247 118.
916 3186 1013 3246 Certu-
