2262 3412
128 87 160 138 to
286 82 590 134 mucamitem
606 83 740 135 ORATIO
756 83 806 135 IV.

127 205 228 245 omnes
241 185 378 243 scelernm
390 203 499 262 poenas
514 183 674 242 ademisset
710 183 812 262 Itaque
825 190 859 243 nt
872 185 969 264 aliqua

127 266 158 324 in
175 266 234 324 vita
249 265 376 323 formido
392 264 533 341 improbis
552 271 627 322 esset
645 263 748 341 posita,
763 264 842 341 apud
857 265 968 324 inferos

127 345 189 403 eins
204 345 285 402 modi
299 363 322 428 q
455 343 498 444 ilii
510 343 622 421 antiqui
637 343 777 421 supplicia
790 344 889 422 impiis
901 363 968 402 con·

128 424 229 482 stituta
243 443 302 482 esse
316 443 352 481 vc
363 442 399 481 ue
433 443 452 480 n
467 423 564 501 ,quod
577 422 709 480 videlicet
723 422 921 500 intelligebant
931 424 968 482 iis

127 504 246 562 remotis
258 522 319 560 non
332 522 393 561 csse
405 510 529 561 mortem
543 503 636 580 ipsam
650 503 915 580 pertimescendam

87 639 92 648 ,
168 583 205 642 V.
238 588 265 641 9.
278 581 363 640 Nunc
376 601 439 660 ego,
450 583 540 659 patris
554 581 717 661 conscripti,
727 601 792 640 mea
801 582 886 640 video
897 583 968 660 quid

2 669 51 742 ret
87 687 93 704 κ
119 656 247 740 intersit
283 661 316 720 si
330 662 408 720 eritis
421 663 511 720 sconti
525 663 696 720 sententiam
710 661 969 740 &Caesarisque

13 757 42 833 ἦ·
58 735 205 832 ‘Jylffpniam
221 741 296 799 hanc
311 742 337 799 is
352 742 384 798 in
400 761 430 799 re
445 741 561 819 publica
574 742 659 814 viam,
671 761 744 820 quae
759 741 907 819 popularis
920 742 969 800 ha-

24 839 26 846 ‘
83 817 87 827 ’
126 820 219 893 betur,
231 829 345 880 secutus
365 827 416 892 cst,
427 820 549 878 fortasse
564 821 661 880 mimn
676 828 760 879 erunt
775 821 832 879 hcc
852 829 968 880 auctore

128 907 158 958 et
174 901 322 977 cognitore
338 900 457 958 huiusce
478 901 634 958 sententiae
654 901 728 958 mihi
747 900 900 979 populares
916 902 969 960 im-

127 987 212 1057 petus
232 979 472 1057 pertimescendi:
495 980 541 1036 sin
561 979 640 1038 illam
664 981 790 1053 alteram,
812 982 909 1040 nescio
930 1001 968 1040 an

128 1060 251 1138 amplius
264 1059 338 1117 mihi
352 1059 462 1137 negotii
476 1059 667 1118 contrahatur.
710 1060 768 1118 Sed
781 1066 878 1118 tamen
891 1080 969 1119 meo-

128 1159 192 1199 rum
203 1139 395 1218 periculorum
407 1140 533 1220 rationes
545 1139 655 1197 utilitas
667 1140 709 1198 rei
722 1140 853 1218 publicae
863 1141 966 1199 vincat

128 1220 278 1278 Habemus
299 1219 377 1278 enim
400 1238 418 1277 a
441 1219 569 1290 Caesare,
587 1219 661 1278 sicut
680 1220 772 1297 ipsius
791 1219 919 1297 dignitas
939 1227 968 1278 et

128 1300 270 1358 maiorum
284 1299 344 1357 eius
358 1299 519 1376 amplitudo
533 1299 704 1377 postulabat,
716 1301 886 1358 sententiam
897 1307 969 1358 tam·

130 1398 215 1457 quam
227 1379 357 1437 obsidem
367 1386 522 1457 perpetuae
532 1379 563 1436 in
576 1398 637 1437 rem
647 1379 792 1456 publicam
803 1379 966 1439 voluntatis.

129 1459 310 1517 Intellectum
324 1465 367 1516 est
378 1458 448 1536 quid
461 1458 610 1516 interesset
619 1459 695 1516 inter
704 1459 850 1517 levitatem
860 1460 969 1518 contio-

129 1545 262 1596 natorum
283 1544 313 1596 et
332 1538 460 1596 animum
481 1557 546 1597 vere
567 1535 743 1617 popularem,
761 1539 846 1597 saluti
866 1539 969 1617 populi

129 1618 333 1676 consulentem.
377 1623 423 1675 10.
438 1617 535 1676 Video
555 1617 591 1675 de
612 1618 683 1690 istis,
696 1618 745 1696 qui
766 1637 796 1676 se
815 1619 969 1698 populares

129 1697 228 1755 haberi
244 1698 353 1768 volunt,
365 1695 462 1754 abesse
478 1716 538 1755 non
553 1698 706 1769 neminem,
719 1717 756 1756 nc
772 1698 916 1777 decapite
930 1701 970 1758 vi·

130 1777 234 1835 delicet
249 1777 355 1834 civium
371 1776 567 1835 Romanorum
586 1777 756 1835 sententiam
772 1778 855 1838 ferat
897 1779 927 1837 Is
940 1786 970 1838 et

129 1857 235 1914 nudius
251 1856 353 1914 tertius
368 1857 399 1913 in
416 1855 575 1914 custodiam
592 1857 667 1915 cives
680 1857 827 1916 Romanos
844 1857 924 1917 dedit
941 1866 970 1917 et

131 1936 368 2015 supplicationem
385 1935 458 1993 mihi
471 1936 597 1994 decrevit
611 1943 640 1995 et
652 1937 761 1996 indices
774 1937 908 1996 hesterno
923 1938 970 1996 die

97 2063 106 2082 .
130 2017 263 2074 maximis
276 2015 410 2093 praemiis
423 2015 538 2074 adfecit
581 2015 642 2074 Iam
656 2016 712 2075 hoc
725 2018 836 2075 nemini
849 2018 970 2076 dubium

129 2103 182 2168 est,
195 2097 244 2174 qui
264 2115 313 2154 reo
334 2096 503 2167 custodiam,
514 2096 669 2173 quaesitori
687 2098 917 2174 gratulationem,
929 2098 971 2156 in·

130 2175 189 2234 dici
199 2175 358 2255 praemium
369 2174 498 2247 decrerit,
511 2175 581 2252 quid
595 2175 631 2234 de
641 2184 704 2235 tota
717 2197 748 2235 re
762 2184 791 2235 et
801 2197 886 2235 cansa
897 2177 971 2236 indi-

130 2256 209 2315 carit
247 2255 290 2313 At
308 2273 375 2313 vcro
397 2253 546 2313 C.Gacsar
569 2256 706 2335 intelligit
725 2257 818 2334 legem
839 2256 971 2335 Sempro·

46 2375 94 2418 ,ὓ
130 2336 209 2393 niam
226 2355 285 2394 esse
302 2335 338 2393 de
354 2334 464 2393 civibus
477 2335 616 2394 Romanis
632 2337 836 2395 constitutam:
858 2337 908 2415 qui
924 2355 972 2394 an-

17 2409 81 2488 ”flsl
130 2422 190 2474 tem
211 2415 252 2473 rei
271 2414 403 2492 publicae
423 2415 461 2486 sjt
476 2415 576 2488 hostis,
592 2435 658 2473 cum
675 2416 766 2474 civem
782 2415 862 2475 nullo
881 2415 971 2474 modo

26 2490 31 2498 ’
131 2514 191 2553 esse
201 2513 301 2573 posse:
320 2494 447 2572 'denique
460 2495 556 2574 ipsum
569 2494 690 2554 latorem
701 2495 886 2573 Semproniae
899 2495 972 2573 legis

130 2575 210 2632 iussu
226 2573 327 2651 populi
343 2593 451 2652 poenas
466 2576 508 2634 rei
524 2575 655 2653 publicae
671 2574 847 2652 dependissc.
889 2574 972 2633 Idem

131 2654 227 2731 ipsum
238 2653 400 2728 Lentulum,
412 2655 577 2732 largitorem
591 2661 621 2713 et
633 2655 796 2732 prodigum,
808 2674 867 2713 non
878 2661 971 2733 putat,

132 2752 199 2791 cum
216 2732 252 2792 de
294 2734 398 2792 emicie
413 2735 516 2813 populi
534 2734 666 2807 Romani,
679 2736 768 2793 exitio
787 2735 874 2793 huius
893 2734 973 2793 urbis

130 2819 193 2872 tam
209 2753 319 2886 aceris,
330 2821 391 2873 tam
408 2815 560 2873 cmdelitcr
579 2815 720 2892 cogitarit,
732 2816 819 2874 ctiam
836 2814 973 2892 appellari

10 2921 18 3010 p
126 2898 217 2970 'posse
237 2894 413 2972 popularem.
456 2893 471 2951 Ι
522 2914 558 2953 ue
580 2894 670 2952 homo
693 2895 863 2952 mitissimus
887 2902 973 2972 atque

133 2973 295 3032 lenissimus
307 2993 367 3031 non
381 2974 496 3032 dubitat
532 2973 703 3036 .Lentulum
717 2975 838 3032 aeternis
848 2975 973 3032 tenebris

27 3091 35 3109 .
133 3054 311 3132 vinculisque
328 3053 464 3111 mandare
485 3060 515 3110 et
530 3054 621 3110 sancit
637 3054 667 3110 in
684 3060 839 3129 posterum,
851 3072 888 3110 ne
909 3055 973 3129 quis

133 3134 220 3192 huius
236 3133 377 3210 supplicio
397 3132 519 3191 levando
539 3151 569 3190 se
589 3133 693 3190 iactare
716 3139 746 3190 et
765 3133 797 3190 in
817 3133 973 3211 perniciem
