2240 3418
383 123 461 175 oar.
478 123 652 187 vn.-1x.,s
668 127 756 174 15-21.
942 129 991 176 aas

149 225 206 284 mis
222 243 289 284 vero
305 223 398 297 rebus,
410 225 442 282 id
458 231 502 283 est
517 223 637 302 legibus,
650 232 714 284 aeta
729 224 857 284 Caesaris
873 225 991 284 dissolvi

150 306 302 364 ferendum
322 325 382 363 non
402 312 483 382 puto.
525 304 609 362 VIII.
644 310 689 362 19.
712 303 791 373 Quae
811 305 856 363 lex
878 305 988 376 melior,

150 385 256 457 utilior,
278 385 389 463 optima
414 385 502 442 etiarn
529 382 701 476 republica
724 385 836 462 saepius
862 383 992 462 flagitata

151 484 238 543 quam
261 484 298 522 ne
322 465 480 542 praetoriae
501 483 664 542 provinerae
688 463 861 541 plusquam
883 483 990 524 annum

133 563 221 602 neve
237 544 302 622 plus
323 563 409 621 quam
428 544 576 602 biennium
596 542 757 601 consulares
777 542 991 602 obtinerentur?

151 624 215 682 Hae
226 624 288 701 lege
302 623 413 682 sublata
422 623 592 682 videnturne
602 622 684 680 vobis
694 641 778 700 posse
788 621 916 681 Caesaris
928 631 992 682 aeta

151 704 273 761 servarit
314 702 408 772 Quidl
428 703 500 780 lege,
513 722 585 780 quae
601 702 784 780 promulgata
800 708 843 760 est
857 703 893 760 de
906 703 992 761 tertia

118 809 122 818 ·
151 783 273 854 decuria,
285 802 381 841 nonne
398 802 498 841 omnes
515 782 679 840 iudiciariae
696 782 773 860 leges
792 781 920 843 Caesaris
936 783 992 840 dis·

151 862 318 922 solvunturt
358 863 397 920 Et
412 882 465 921 vos
483 869 547 922 aeta
565 863 694 921 Caesaris
712 862 876 934 defenditis,
889 863 938 941 qui
955 863 992 922 le-

151 962 201 1020 ges
225 943 286 1000 eius
310 943 458 1001 evertitis?
498 943 563 1002 Nisi
585 943 670 1014 forte,
689 943 713 1000 si
741 943 811 1020 quid
837 943 992 1001 memoriae

151 1041 236 1080 eausa
250 1021 362 1080 rettulit
375 1022 405 1080 in
419 1022 556 1094 libellum,
568 1022 600 1081 id
613 1022 809 1080 numerabitur
822 1023 853 1080 in
869 1023 939 1080 actis
953 1029 1002 1094 et,

148 1101 281 1180 'quamvis
295 1103 427 1180 iniquum
442 1110 471 1161 et
484 1102 586 1160 inutile
600 1103 646 1174 sit,
658 1102 844 1161 defendetur:
867 1103 945 1180 quod
955 1102 993 1160 ad

147 1182 291 1261 populum
308 1182 474 1242 centuriatis
491 1182 616 1240 comitiis
630 1181 705 1254 tulit,
717 1182 748 1239 id
762 1181 791 1238 in
808 1182 879 1240 aetis
893 1181 993 1240 Caesa·

151 1263 190 1320 ris
204 1273 263 1320 non
276 1262 435 1322 habebitur.
479 1269 526 1321 20.
541 1263 583 1320 At
597 1281 670 1341 quae
686 1269 730 1320 est
743 1262 799 1320 ista
811 1262 897 1320 tertia
910 1262 993 1320 deeu-

147 1342 211 1400 rial
251 1342 469 1415 Centurionum,
483 1343 586 1421 inquit.
629 1341 722 1411 Quidt
742 1341 791 1400 isti
810 1341 906 1399 ordini
921 1342 993 1400 indi-

146 1429 232 1480 eatus
251 1423 315 1500 lege
336 1423 417 1495 Iulia,
432 1424 520 1481 etiam
542 1430 608 1480 ante
628 1421 777 1500 Pompeia,
792 1421 911 1480 Aurelia
933 1441 993 1480 non

152 1502 286 1579 patebatl
327 1503 436 1562 Census
456 1502 684 1581 praefiniebatur,
696 1502 799 1580 inquit
841 1501 909 1560 Non
930 1521 993 1560 oen-

152 1582 260 1640 turioni
273 1583 402 1661 ‚quidem
429 1584 531 1655 solum,
549 1583 600 1641 sed
624 1583 715 1660 equiti
739 1582 827 1641 etiam
851 1582 991 1640 Romano.

146 1660 254 1740 -Itaque
268 1663 321 1720 riri
334 1663 486 1721 fortissimi
501 1670 587 1741 atque
600 1663 804 1736 honestissimi,
814 1662 864 1741 qui
879 1662 993 1720 ordines

153 1741 303 1814 duxerunt,
312 1761 357 1800 res
371 1749 400 1800 et
410 1743 538 1801 iudicant
552 1749 581 1801 et
591 1743 795 1802 iudieaverunt.
832 1742 899 1801 Non
911 1761 993 1821 quae-

153 1840 193 1893 ro,
205 1822 309 1899 inquit,
321 1823 399 1880 istos.
433 1821 615 1901 Quicumque
629 1823 759 1881 ordinem
774 1823 865 1895 duxit,
875 1823 990 1880 iudicet.
1067 1835 1068 1838 ’

152 1899 195 1958 At
213 1902 237 1958 si
257 1902 378 1973 ferretis,
391 1902 564 1980 quicumque
584 1922 659 1980 equo
680 1903 838 1974 meruisset,
851 1903 929 1980 quod
950 1908 993 1960 est

153 1979 266 2052 lautius,
278 1981 386 2039 nemini
405 1981 571 2059 probaretis.
614 1981 650 2039 In
666 1982 761 2039 iudice
777 1982 855 2039 enim
872 1982 993 2059 spectari

148 2066 182 2118 et
200 2061 318 2118 fortuna
338 2061 424 2119 debet
444 2067 473 2119 et
494 2061 627 2138 dignitas.
670 2061 739 2118 Non
760 2081 873 2139 quaero,
888 2061 991 2138 inquit,

145 2139 222 2199 ista:
239 2141 315 2199 addo
324 2141 411 2199 etiarn
421 2141 530 2199 iudices
541 2140 731 2218 manipulares
742 2159 776 2198 ex
787 2140 899 2217 legione
906 2140 993 2198 Alau-

145 2219 261 2278 darum.
297 2220 391 2278 Aliter
411 2221 487 2279 enim
508 2221 599 2279 nostri
620 2226 727 2297 negant
746 2239 830 2298 posse
851 2239 880 2276 se
901 2219 993 2277 salvos

144 2318 221 2358 esse.
263 2300 290 2359 Ο
311 2301 550 2380 contumeliosum
568 2299 706 2358 honorem
724 2300 767 2371 iis,
780 2318 852 2377 quos
868 2299 906 2356 ad
921 2298 993 2356 iudi·

153 2380 277 2438 candum
293 2399 345 2438 nee
363 2380 514 2458 opinantes
529 2380 654 2438 voeatis!
696 2379 754 2438 Hio
770 2379 848 2437 enim
865 2385 908 2436 est
921 2379 992 2456 legis

153 2459 248 2532 iudex,
260 2467 293 2518 ut
309 2460 330 2518 ii
346 2479 391 2518 res
411 2461 441 2518 in
458 2461 544 2531 tertia
559 2459 674 2519 decuria
690 2459 826 2531 iudicent,
839 2459 888 2536 qui
904 2459 992 2517 libere

144 2538 278 2598 *iudicare
295 2558 353 2598 non
370 2541 501 2599 audeant.
540 2539 575 2598 In
592 2558 650 2618 quo
668 2546 791 2618 quantus
805 2558 883 2596 error
898 2545 948 2610 est,
961 2538 992 2596 di

144 2618 345 2681 immortales!
366 2639 474 2692 eorum,
484 2620 534 2698 qui
544 2621 628 2678 istam
639 2619 732 2697 legem
743 2619 991 2697 excogitaverunt!
1014 2684 1018 2690 ,
1046 2658 1048 2665 s

153 2697 198 2757 Ut
214 2700 291 2757 enim
311 2700 430 2778 quisque
451 2700 664 2759 sordidissimus
680 2698 831 2769 videbitur,
844 2699 885 2756 ita
904 2697 993 2755 libeh·

144 2778 263 2837 tissime
281 2779 428 2838 severitate
442 2779 588 2838 iudicandi
602 2780 700 2837 sordes
716 2798 781 2837 suas
797 2778 872 2837 eluet
885 2775 992 2836 labora-

154 2857 252 2937 bitque
273 2865 306 2917 ut
326 2858 454 2918 honestis
478 2859 600 2917 decuriis
620 2859 718 2937 potius
738 2859 842 2936 dignus
863 2857 992 2916 videatur

155 2957 240 3015 quam
264 2939 295 2996 in
319 2945 433 3016 turpem
457 2939 517 2997 iure
542 2939 695 2997 coniectus.
737 2937 791 2996 IX.
828 2943 874 2995 al.
892 2937 993 2996 Altera

142 3018 336 3096 promulgata
348 3018 394 3077 lex
408 3025 459 3090 est,
470 3025 503 3076 ut
516 3025 545 3076 et
556 3018 593 3077 de
606 3018 635 3075 vi
649 3024 678 3076 et
692 3018 849 3077 maiestatis
863 3017 991 3075 damnati

142 3097 191 3154 -ad
207 3098 348 3175 populum
364 3104 529 3176 provocent,
542 3098 566 3155 si
583 3097 678 3155 velint.
721 3097 801 3155 Haeo
818 3103 914 3155 utrum
931 3104 993 3154 tarr-

142 3175 220 3234 ·dem
234 3177 279 3236 lex
293 3185 337 3235 est
350 3198 387 3238 an
400 3177 496 3255 legum
511 3177 641 3252 omnium
655 3176 823 3235 dissolutiol
863 3176 935 3246 Quis
949 3183 992 3235 est

298 3271 334 3324 18
