2240 3418
115 115 163 164 248
190 114 229 163 IN
246 114 282 163 M
297 107 492 163 ANIONIUM
508 108 643 162 ORATIO
659 106 871 162 PHILIPPICA
887 111 956 162 II.

114 215 188 274 facie
209 215 305 286 fuerit,
320 234 379 292 qua
399 185 523 284 statura,
531 231 589 290 quo
609 213 776 290 municipio,
792 232 849 290 qua
868 212 953 271 tribu'.

110 294 196 352 Nihil
211 296 270 352 scio
271 294 393 372 ,inquis
403 293 459 350 nisi
473 311 546 370 quae
560 293 677 370 praedia
689 291 829 350 habuerit.
865 292 912 350 Is
904 293 957 368 rgi-

116 382 163 432 444
186 375 244 432 irat
232 381 306 432 trem
333 373 508 431 exheredans
534 379 564 430 te
587 371 713 430 faciebat
735 371 878 429 heredem.
921 372 956 428 ln

115 454 188 512 mult
176 461 220 511 tas
235 460 381 547 praeterea
396 453 532 530 pecunias
545 451 787 509 alienissimorum
803 451 956 508 hominurn

116 535 144 591 vi
164 534 262 592 eiectis
281 533 354 590 veris
374 532 535 604 heredibus,
549 539 697 609 tamquam
715 530 799 588 heres
819 531 958 602 esset‚1n·

115 614 196 672 vasit.
232 619 279 671 42.
298 612 479 702 Quamquam
496 611 552 669 hoc
568 611 693 669 maxime
708 611 867 668 admiratus
883 630 956 692 sum,

116 675 292 762 mentionem
312 700 353 750 te
362 679 554 750 hereditatum
574 709 675 749 ausum
696 709 757 749 esse
773 691 876 763 facere,
890 685 957 748 cum

116 775 178 852 ipse
192 773 379 830 hereditatem
394 772 484 849 patris
497 790 556 829 non
570 771 685 828 adisses.

156 853 254 912 XVII.
274 853 354 911 Haec
373 860 406 909 44
422 850 577 927 colligeres,
589 850 678 908 homo
697 849 899 922 amentissime,
909 855 958 908 tot

112 933 178 991 dies
198 933 228 989 in
250 933 343 990 aliena
359 931 426 988 villa
445 930 630 989 declamasti?
651 949 823 1024 quamquam
845 937 878 988 tu
898 931 959 1008 qui-

118 1013 192 1084 dem,
204 1018 237 1070 ut
255 1013 300 1070 tui
322 1011 537 1068 familiarissImi
558 1010 740 1082 dictitant,¹
715 1010 775 1069 vini
795 1009 957 1082 exhalandi,

118 1111 177 1149 non
197 1092 306 1184 Ingenii
326 1090 447 1149 acuendi
467 1109 552 1148 causa
572 1089 721 1148 declamas
763 1089 806 1147 At
822 1109 889 1148 vero
911 1089 960 1146 ad·
973 1146 975 1151 .

112 1172 223 1230 hibes'
215 1172 272 1230 roci
289 1189 374 1229 causa
389 1169 559 1247 magistrum
576 1169 713 1247 suffragio
729 1175 781 1227 tuo
795 1176 826 1228 et
841 1188 960 1247 compo

112 1259 214 1311 torum
228 1258 343 1310 tuorum
358 1249 422 1308 rhet
410 1257 510 1321 torem,
520 1249 567 1306 cui
580 1249 745 1308 concessisti
759 1249 809 1307 ut
801 1269 831 1307 44
842 1257 872 1306 te
886 1269 960 1342 quae

118 1331 203 1389 vellet
219 1331 334 1401 diceret,
347 1330 452 1396 salsum
468 1329 587 1387 omnino
604 1329 760 1401 hominem,
773 1329 824 1386 sed
841 1330 961 1387 materia

119 1411 212 1469 facilis
226 1418 269 1468 est
283 1411 313 1467 in
327 1417 356 1468 te
370 1417 400 1467 et
413 1410 443 1467 14
457 1415 523 1466 4444
537 1409 615 1466 (11444
627 1409 729 1467 dicere.
771 1408 848 1466 Vide
862 1417 960 1468 autem

120 1491 190 1568 quid
210 1490 323 1548 intersit
342 1489 418 1547 inter
438 1496 467 1547 te
489 1496 519 1546 et
539 1507 623 1547 avum
644 1495 736 1547 tuum.
778 1487 830 1546 Ille
854 1489 961 1547 sensim

119 1570 232 1628 dicebat
241 1569 319 1648 quod
327 1588 427 1627 causae
437 1569 601 1646 prodesset:
618 1575 651 1627 44
662 1569 766 1627 cursim
776 1568 849 1626 dicis
860 1568 959 1627 aliena

120 1656 166 1708 43.
182 1650 225 1708 At
239 1657 346 1728 quanta
361 1667 469 1706 merces
484 1648 601 1706 rhetori
606 1648 673 1706 data
689 1649 748 1706 4441
783 1648 901 1719 Audite,
913 1667 961 1706 au·

120 1731 180 1788 dite
182 1738 295 1806 ,patres
309 1728 472 1820 conscripti,
484 1734 514 1786 et
524 1728 688 1820 cognoscite
702 1747 744 1786 rer
734 1727 888 1806 publicae
902 1727 962 1785 vul·

120 1829 195 1867 nera
230 1808 298 1866 Duo
315 1807 419 1865 milia
412 1826 541 1884 rugarum
559 1808 653 1884 campi
671 1807 805 1866 Leontini
822 1807 885 1866 Sex.
896 1807 962 1866 Clo-
1055 1858 1060 1868 .

121 1889 170 1946 dio
183 1888 291 1946 rhetori
304 1887 462 1964 adsignasti
479 1896 508 1946 et
522 1887 661 1964 quidem
653 1889 801 1959 immunia,
813 1894 847 1945 44
859 1887 962 1966 populi

121 1968 244 2026 Romani
260 1974 342 2025 tanta
359 1967 489 2025 mercede
505 1967 578 2024 nihil
595 1987 693 2045 sapere
710 1967 840 2026 disceres.
882 1967 962 2025 Num

121 2049 207 2107 etiam
224 2048 288 2119 hoc,
300 2047 389 2104 homo
410 2047 605 2120 audacissime,
618 2067 653 2105 ex
670 2047 799 2105 Caesaris
819 2055 980 2106 commen.

121 2129 218 2187 tariisl
258 2126 317 2186 Sed
330 2127 424 2185 dicam
443 2127 499 2185 alio
513 2127 577 2185 loco
594 2135 624 2186 44
640 2127 677 2186 (14
691 2127 833 2186 Leontino
847 2143 916 2204 agro
933 2132 963 2184 et

122 2209 158 2266 de
178 2209 336 2285 Campano,
352 2227 424 2286 quos
447 2207 501 2265 iste
525 2225 610 2284 agros
633 2213 747 2285 ereptos
770 2205 963 2284 reipublicae

122 2288 293 2366 turpissimis
303 2286 513 2366 possessoribus
523 2287 691 2366 inquinavit.
727 2286 964 2364 Iamenim,quo

122 2369 199 2426 niam
221 2367 388 2426 criminibus
408 2367 469 2425 eius
490 2367 559 2424 satis
579 2366 723 2444 respondI,
735 2367 771 2424 de
789 2367 853 2444 ipso
870 2384 964 2424 ernen-

113 2449 221 2506 datore
242 2455 272 2505 et
288 2454 446 2505 correctore
466 2453 565 2504 nostro
587 2446 726 2548 quaedam
745 2445 867 2503 dicenda
887 2451 962 2502 sunt.

123 2528 184 2586 Nec
205 2529 281 2585 enim
303 2527 401 2584 omnia
421 2527 577 2597 effundam,
589 2532 630 2597 ut,
645 2527 669 2582 si
676 2526 799 2604 'saepius
819 2525 965 2583 decertan-

123 2608 192 2666 dum
210 2607 256 2678 sit,
267 2614 301 2663 44
315 2606 376 2677 4414,
389 2625 503 2683 semper
520 2625 612 2663 novus
627 2605 753 2663 veniam:
776 2623 862 2682 quam
876 2603 965 2662 facul-

83 2717 90 2730 ·
123 2694 213 2745 tatem
226 2685 299 2745 441141
313 2650 493 2744 multitudo
485 2686 568 2744 444144
578 2685 713 2744 vitiorum
725 2691 965 2762 peccatorumque

123 2766 208 2843 largit
196 2772 251 2823 4.44

94 2903 100 2914 ,
164 2844 278 2904 XVIII.
314 2849 361 2903 44
371 2843 463 2903 Visne
479 2843 568 2936 ¹igitur
584 2845 635 2903 te'
627 2845 813 2930 inspiciamus
827 2863 844 2902 a
856 2843 966 2922 puerol

124 2923 172 2982 Sic
173 2924 312 3002 ,opinorz
334 2924 507 3002 aprincipio
522 2923 673 2982 ordiamur.
716 2924 845 2982 Tenesne
859 2943 967 2982 memo·

73 3039 76 3044 -
125 3005 167 3061 ria
183 3010 392 3081 praetextatum
410 3011 439 3060 te
456 3003 621 3060 decoxisse?
661 3003 740 3060 Ρ44
705 3011 757 3060 4444
758 3005 898 3095 ,inquies
910 3005 967 3061 ista

115 3083 210 3160 culpa
226 3089 276 3141 est.
315 3082 458 3140 Concedo.
497 3082 612 3140 Etenim
627 3089 670 3140 est
686 3083 803 3160 pietatis
819 3082 904 3160 plena
920 3083 968 3140 de·

116 3162 228 3227 lensio.
270 3161 346 3218 Illud
362 3172 459 3218 tamen
480 3161 614 3219 audaciae
630 3168 705 3233 tuae,
717 3162 797 3239 quod
817 3160 917 3220 sedisti
936 3162 967 3219 iu
