2262 3412
371 132 449 186 csr.
465 133 677 196 xm-xvm,
693 132 816 194 §rr-54.
979 137 1011 184 re
1124 118 1128 121 ’

172 239 188 278 Γ
212 243 258 296 51.
274 235 317 294 At
330 235 408 294 enim
417 235 462 292 vir
472 235 651 307 clarissimus,
663 235 876 294 amantissimus
886 235 927 294 rei
940 235 1012 314 pul»

170 317 250 388 lisso,
262 316 363 374 vestris
376 314 521 373 beneficiis
534 315 717 392 amplissimis
730 315 869 388 adfectus,
881 314 915 385 Q.
926 315 1012 374 Catu·

170 397 222 469 lus,
237 397 366 473 itemque
387 395 507 452 summis
530 395 706 453 ornamentis
726 395 851 467 honoris,
866 396 1009 468 fortunae,

170 476 293 547 virtutis,
308 475 417 553 ingenii
434 474 588 552 praeditus,
603 473 637 544 Q.
650 474 832 546 Hortensiae,
846 475 882 532 ab
899 474 953 533 hac
969 495 1011 533 ra·

169 558 249 615 tione
260 555 447 614 dissentiunt:
466 573 588 632 quorum
599 573 653 632 ego
664 554 863 612 auctoritatem
874 554 952 632 apud
960 575 1010 613 vos

169 636 269 695 multis
289 636 360 695 locis
383 634 538 712 plurimum
564 633 684 692 valuisse
710 641 739 691 et
761 633 853 691 valere
878 641 1010 711 oportere

128 761 137 786 -,
169 715 316 787 confiteor,
332 715 382 773 sed
398 715 429 772 iu
445 714 498 772 hae
515 732 608 784 eausa,
619 713 734 771 tametsi
751 713 898 789 cognostis
914 722 1011 772 aucto-

169 797 268 855 ritates
287 795 443 854 contrarias
459 794 584 854 virorum
600 793 825 851 fortissimorum
846 800 875 851 et
891 794 1010 852 clarissi·
1041 839 1046 851 .

169 895 291 947 morum,
306 882 403 933 tamen
424 874 537 932 omissis
557 873 776 934 auctoritatibus
792 873 855 950 ipsa
870 892 900 931 re
917 892 950 931 ac
968 893 1010 930 ra-

84 1005 89 1011 .
169 957 249 1014 tione
265 955 412 1033 exquirere
427 973 580 1031 possumus
594 953 752 1023 veritatem,
767 959 853 1030 atque
869 954 925 1011 hoc
940 953 1010 1011 faci·

168 1035 233 1107 lius,
248 1035 327 1112 quod
347 1054 381 1092 ea
402 1034 507 1105 omnia,
523 1052 597 1111 quae
615 1052 638 1091 a.
652 1051 700 1090 ma
720 1032 912 1092 adhuc'dicta
931 1040 1008 1105 sunt,

168 1115 257 1173 iidem
271 1115 320 1172 isti
331 1133 397 1180 ¹reru
409 1133 469 1172 esse
483 1113 652 1184 concedunt,
663 1120 692 1170 et
702 1114 890 1171 necessarium
901 1112 1009 1172 bellum

169 1214 230 1254 esse
246 1201 275 1252 et
289 1213 426 1272 magnum
442 1193 516 1250 etin
530 1212 589 1250 uno
603 1191 655 1250 On
665 1192 935 1270 Pompeiosumma
948 1212 1009 1251 esse

169 1275 273 1332 omnia
322 1280 368 1332 52.
392 1271 470 1342 Quid
492 1273 581 1350 igitur
602 1272 644 1329 ait
665 1271 857 1330 Hortensinsl
884 1271 935 1329 'si
957 1273 1009 1330 uni

169 1354 267 1412 omnia
282 1353 435 1412 tribuenda
451 1353 517 1423 siut,
529 1351 731 1428 dignissimum
748 1371 808 1409 esse
824 1351 1007 1429 Pompeium,

169 1433 219 1491 sed
229 1433 266 1492 ad
276 1453 366 1491 unum
377 1440 474 1490 tamen
485 1433 583 1490 omnia
592 1431 698 1490 deferri
708 1433 767 1489 non
778 1433 916 1510 oportere.
951 1431 1009 1490 Ob·

169 1513 270 1571 solevit
286 1513 344 1570 iam
361 1513 416 1571 ista
432 1513 532 1583 oratio,
547 1531 577 1570 re
593 1512 687 1570 multo
703 1512 798 1589 magis
812 1531 898 1590 quam
915 1511 1009 1570 verbis

168 1594 300 1651 refutata
343 1592 418 1650 Nam
432 1599 465 1650 tu
479 1592 565 1663 idem,
578 1591 611 1660 Q„
624 1591 772 1663 Hortensi,
783 1592 875 1650 malta
890 1611 943 1670 pro
957 1599 1009 1652 tua

169 1692 280 1730 summa
294 1673 378 1750 copia
393 1691 426 1729 ao
442 1672 579 1750 singulari
593 1671 730 1730 facultate
747 1671 861 1730 dicendi
878 1679 907 1730 et
920 1673 951 1731 iu
967 1691 1009 1730 se-

168 1759 238 1814 natu
255 1759 354 1810 contra
369 1752 462 1810 virum
478 1753 593 1822 fortem,
605 1751 640 1810 A.
652 1751 816 1823 Gabioimn,
828 1752 952 1828 graviter
965 1772 1009 1810 or-

168 1839 290 1910 nateque
315 1832 421 1902 dixisti,
438 1851 504 1889 eum
525 1832 550 1888 is
570 1832 607 1889 de
631 1851 690 1889 uno
714 1832 885 1908 imperatore
909 1839 1009 1890 eontra

167 1911 325 1988 praedones
349 1911 551 1988 constituendo
572 1911 666 1988 legem
688 1911 904 1989 promulgasset,
923 1918 952 1969 et
973 1931 1008 1970 ex

167 1991 224 2049 hoc
238 1992 301 2068 ipso
314 1991 379 2049 loco
389 1991 532 2069 permulta
544 1992 615 2049 item
626 1998 726 2049 contra
739 2009 802 2048 eam
816 1990 908 2068 legem
923 1992 1009 2050 verba

59 2081 65 2094 “
167 2071 271 2130 fecisti
313 2077 360 2130 53.
383 2070 478 2139 Quidl
502 2078 574 2143 tum,
594 2089 647 2148 per
669 2071 740 2128 deos
763 2071 955 2130 immortales!
984 2072 1008 2130 si

167 2151 232 2228 plus
252 2150 330 2229 apud
345 2151 485 2228 populum
502 2151 666 2209 Romanum
685 2151 839 2209 auctoritas
854 2157 906 2208 tna
922 2170 1008 2228 quam

167 2231 258 2307 ipsius
273 2230 374 2308 populi
391 2231 515 2289 Romani
535 2231 611 2288 salus
631 2237 661 2288 et
676 2249 744 2288 vera
763 2249 848 2288 causa
863 2231 1008 2303 valuisset,

135 2333 138 2339 ·
166 2309 253 2368 hodie
267 2310 341 2368 haue
354 2310 475 2387 gloriam
490 2317 576 2388 atque
589 2310 645 2367 hoc
659 2309 737 2367 orbis
751 2316 841 2368 terrac
854 2309 1009 2388 imperium

167 2391 346 2448 teneremusl
385 2390 435 2447 An
451 2390 505 2448 tibi
521 2398 585 2447 tum
605 2389 759 2466 imperium
779 2389 835 2447 hoo
855 2409 916 2447 esse
932 2390 1009 2448 vide·

145 2517 146 2520 ,
167 2469 258 2540 batur,
276 2489 343 2528 cum
366 2470 467 2547 populi
487 2469 611 2542 Romani
631 2469 727 2546 legati,
744 2476 907 2546 quaestores
930 2489 1010 2547 prae·

166 2556 299 2626 toresque
324 2549 528 2626 capiebanturl
552 2568 617 2607 cnm
639 2568 677 2607 ex·
695 2548 829 2607 omnibus
853 2550 1009 2627 provinciis

71 2689 73 2692 ,
167 2629 329 2687 commeatu
343 2635 372 2686 et
385 2629 497 2706 privato
512 2636 541 2687 et
554 2628 670 2706 publico
684 2628 925 2706 prohibebamnrl
942 2649 1009 2686 curn

85 2785 87 2787 Ι
165 2709 208 2766 ita
224 2708 319 2766 clausa
334 2708 419 2766 nobis
435 2716 516 2767 erant
531 2709 622 2766 maria
638 2708 742 2779 omnia,
755 2716 788 2766 ut
805 2728 897 2787 neque
917 2709 1009 2785 priva·
1054 2777 1060 2786 .

166 2795 225 2845 tarn
247 2808 308 2845 rem
324 2789 546 2926 pransmminam
567 2807 659 2866 neque
679 2788 828 2866 publicam
847 2789 910 2848 iam,
928 2788 1008 2847 obite

166 2887 316 2944 possemus

206 2947 320 3006 XVIII.
358 2951 403 3005 54.
417 2946 496 3016 Quae
510 2947 611 3006 civitas
624 2953 708 3005 antea
721 2967 858 3025 umquam
872 2947 937 3018 fuit,
949 2966 1010 3006 non,

166 3027 233 3085 dico
253 3026 483 3099 Atheniensium,
500 3046 572 3104 quae
594 3027 663 3086 satis
683 3027 740 3085 late
763 3027 909 3105 quondam
929 3046 1007 3084 mare

94 3163 99 3172 ,
166 3107 291 3164 tonuisse
308 3106 421 3178 dieitur,
437 3126 495 3164 non
512 3105 806 3184 Karthaginiensium,
819 3106 869 3184 qui
884 3107 1010 3183 permul·
1102 3173 1104 3178 Ι

166 3186 334 3261 tumulasse
354 3205 387 3245 ac
407 3186 560 3258 maritimis
576 3185 661 3246 rebus
681 3186 838 3258 valuerunt,
850 3205 910 3244 non
930 3185 1016 3251 Rha.
