2262 3412
143 103 175 152 sa
338 98 624 166 raon-nunnus
640 95 782 152 onsrro.

143 200 270 261 levandis
289 220 349 260 non
369 201 540 279 impertiam.
582 201 658 259 Nam
678 221 745 260 cum
765 201 892 280 praemia
908 201 982 262 mihi

143 289 224 340 ta'nta
242 301 296 358 pro
314 281 368 339 hac
385 281 527 339 industria
546 281 604 339 sint
620 281 695 354 data,
708 289 814 359 quanta
832 289 915 340 antee
935 302 983 341 ne·

143 362 224 433 mini,
240 361 254 437 l
271 361 311 419 sic
328 368 357 419 et
374 362 398 418 si
414 361 530 438 ceperis,
542 381 599 431 cos,
611 380 677 418 cum
698 361 819 438 adeptus
837 361 883 434 sis,
895 362 982 439 depo

143 461 217 513 nere,
236 448 309 499 esset
322 441 448 498 hominis
465 448 494 500 et
510 440 598 498 astuti
611 448 643 499 et
657 441 770 518 in'grsti
813 447 839 499 9.
855 441 941 510 Quod
958 442 982 499 si

143 521 210 578 licet
225 520 360 592 desinere,
372 521 396 578 si
410 527 439 580 te
453 528 569 579 auctore
582 540 709 597 possum,
721 521 746 578 si
762 520 841 578 nulla
854 522 980 594 inertiae,

97 622 100 628 ·
143 600 221 657 nulls
237 597 384 676 superbiae
400 600 559 676 turpitudo,
570 599 649 658 nulla
664 600 882 658 inhumanitatis
899 601 983 678 culpa

144 679 371 758 suscipitur,·ego
384 687 451 737 ver'o
465 678 587 737 libenter
599 679 707 738 desino.
743 679 794 738 Sin
805 687 901 738 autem
912 681 983 758 iuga

144 759 248 816 laboris
273 759 420 830 desidiam,
439 759 602 836 repudiatio
625 759 786 837 supplicum
810 759 981 837 superbiam,

143 839 300 896 amicorum
314 837 455 917 neglectio
469 837 684 916 improbitatem
698 839 835 916 coarguit,
846 840 982 897 nimirum

143 917 212 975 haec
221 937 305 977 causa
315 925 358 976 est
368 919 429 975 eius
439 919 527 990 modi,
538 936 624 995 quam
634 938 687 976 nec
697 918 854 976 industrius
868 938 921 977 neo
931 920 983 976 rni-

143 997 261 1054 serioors
271 1017 323 1056 neo
334 995 477 1055 officiosus
487 998 614 1056 deserere
624 999 723 1076 possit
755 997 854 1076 Atque
865 998 982 1056 huiusce

143 1077 184 1134 rei
197 1077 389 1136 coniecturam
403 1077 440 1136 de
454 1084 505 1136 tuo
518 1078 609 1155 ipsius
622 1078 727 1150 studio,
739 1077 828 1150 Servi,
845 1079 982 1136 facillime

144 1157 258 1235 ceperis
294 1157 370 1215 Nam
384 1158 409 1215 si
422 1157 478 1216 tibi
491 1177 603 1216 necesse
617 1165 702 1236 putas
715 1158 802 1216 ctiam
816 1158 982 1216 adversariis

75 1281 78 1286 .
143 1237 299 1294 amicorum
316 1244 432 1296 tuorum
447 1237 483 1295 de
497 1237 557 1295 iure
574 1236 788 1296 consulentibus
801 1238 980 1314 respondere,

142 1324 172 1375 et
186 1317 210 1374 si
226 1324 310 1394 turpe
326 1316 472 1374 existimas
485 1324 515 1374 te
531 1317 670 1374 advocato
684 1317 765 1374 illum
779 1317 883 1394 ipsum,
896 1336 981 1395 quem

142 1397 375 1468 contraveneris,
391 1416 475 1454 causa
491 1396 600 1467 cadere,
615 1397 675 1454 noli
692 1404 752 1456 tam
771 1416 832 1455 esse
848 1397 980 1470 iniustus,

142 1485 183 1546 ut,
195 1495 260 1533 cum
277 1475 322 1533 tui
337 1476 436 1533 fontes
451 1475 494 1532 vel
512 1475 637 1534 inimicis
652 1477 712 1534 tuis
726 1483 852 1554 pateant,
867 1484 982 1536 nostros

142 1556 229 1612 etiam
250 1555 349 1612 amicis
369 1562 454 1631 putes
473 1555 584 1613 clausos
604 1575 664 1622 esse
677 1563 825 1633 oportere.
869 1562 915 1616 10.
932 1557 982 1614 Et

142 1635 219 1691 enim
237 1633 261 1691 si
276 1653 324 1692 me
337 1641 388 1693 tua
401 1635 581 1694 familiaritas
594 1634 630 1692 ab
644 1635 698 1694 hao
714 1655 799 1696 causa
814 1637 982 1695 removisset

142 1715 215 1772 etsi
236 1714 292 1772 hoe
312 1715 390 1772 idem
412 1713 616 1783 Q,Hortensio
637 1715 676 1774 M.
688 1715 800 1787 Crasso,
818 1716 982 1776 clarissimis

126 1794 128 1798 ’
141 1794 217 1865 viris,
230 1795 253 1850 si
266 1794 337 1850 item
352 1795 460 1866 ceteris,
472 1813 489 1850 a
503 1795 607 1870 quibus
620 1794 751 1872 intelligo
764 1802 844 1854 tuam
859 1797 981 1873 gratiam

141 1873 240 1950 magni
257 1874 408 1946 aestimari,
420 1874 577 1945 accidisset,
589 1875 619 1932 in
636 1894 670 1932 ea
686 1875 802 1934 civitate
818 1876 917 1934 consul
934 1876 982 1934 de·

142 1954 270 2030 signatus
284 1953 462 2012 defensorem
477 1973 536 2011 non
550 1953 675 2026 haberet,
687 1954 717 2012 in
732 1974 789 2032 qua
802 1956 911 2014 nemini
921 1975 982 2012 um-

142 2035 228 2110 qu'am
243 2032 342 2095 infimo
359 2033 481 2092 maiores
496 2033 652 2091 nostrit
602 2053 640 2111 pa
640 2040 757 2092 tronum
774 2035 871 2094 deesse
888 2035 982 2094 volue

141 2120 215 2171 runt
250 2113 327 2206 “Ego
339 2133 414 2185 vero,
424 2113 561 2184 iudices'
553 2133 621 2206 lpse
631 2133 678 2174 me
695 2114 889 2174 existimarem
904 2115 982 2174 nefa·
1011 2151 1018 2160 ·

141 2193 224 2264 rium,
235 2193 259 2250 si
272 2193 373 2264 amico,
383 2192 566 2264 crudelem,
543 2213 569 2250 sr
583 2193 696 2266 misero,
709 2193 905 2271 superbum,'s1
916 2213 982 2252 con-

141 2272 196 2330 suli
210 2237 374 2332 defuissem.
413 2271 477 2342 Qua
492 2292 523 2331 re
538 2267 617 2350 quod
630 2273 758 2332 dandum
773 2281 815 2331 est
829 2274 980 2344 amicitiae,

141 2352 218 2445 large
235 2352 349 2412 dabitur
365 2373 383 2410 a
395 2372 450 2424 me,
462 2359 496 2411 ut
509 2359 605 2411 tecum
619 2371 711 2430 agam,
724 2353 812 2424 Servi,
824 2373 883 2410 non
900 2373 982 2411 secus

141 2451 173 2489 ac
191 2433 215 2489 si
229 2451 311 2490 meus
328 2437 402 2492 esset
418 2433 514 2504 irater,
527 2433 577 2510 qui
594 2433 666 2490 mihi
682 2439 728 2491 est
742 2433 912 2504 carissimus,
924 2433 981 2490 isto

141 2511 171 2568 in
185 2510 266 2568 loco.
288 2511 367 2588 quod
379 2510 564 2570 tribuendum
580 2518 624 2570 est
637 2511 740 2583 officio,
752 2511 819 2570 fidei
820 2512 994 2605 ,religioni,'

141 2589 189 2646 id
181 2597 223 2648 rta
232 2589 410 2663 moderabor,
422 2597 456 2648 ut
469 2591 649 2650 meminerim
659 2611 706 2650 me
719 2599 820 2650 contra
829 2593 915 2653 amici
925 2598 982 2650 stu·

141 2669 222 2727 dium
235 2689 288 2746 pro
302 2671 387 2728 amier
378 2670 528 2748 periculo
542 2671 643 2728 dicere

181 2749 218 2808 V.
256 2755 301 2808 11.
320 2749 464 2827 Intelligo,
480 2750 597 2823 iudices,
608 2757 728 2810 trest
683 2751 736 2810 tot
729 2771 774 2809 rus
792 2751 982 2810 accusationis
1066 2827 1069 2830 ἡ

139 2835 235 2906 partes
250 2829 340 2888 fuisse
356 2835 497 2888 eteorum
514 2849 601 2887 unam
616 2830 645 2887 in
662 2831 882 2908 reprehensione
896 2832 980 2903 vitae,

141 2908 279 2968 alteram'
271 2928 302 2966 m
317 2910 502 2968 contentione
516 2910 842 2987 dignitatis,tertism'1n
857 2911 982 2969 crimini·

140 2988 194 3047 bus
204 2989 295 3048 ambit
282 2995 329 3048 tus
340 3007 400 3046 esse
411 2995 558 3048 versatam.
593 2989 692 3067 Atque
705 2989 807 3048 harum
820 2991 909 3056 trium
919 3009 982 3068 par

139 3069 214 3126 tium
236 3070 330 3146 prima
351 3067 407 3140 illa,
426 3088 498 3146 quae
518 3069 685 3144 gravissima
709 3068 832 3128 debebat
854 3090 923 3142 esse,
940 3071 982 3128 ito

60 3195 65 3204 .
139 3148 198 3206 fuit
208 3148 363 3206 infirmact
351 3147 451 3218 tlovis‚
461 3155 494 3206 ut
508 3148 572 3205 illos
582 3146 627 3205 lex
641 3148 733 3224 magis
748 3149 887 3225 quaedam
901 3169 981 3208 aceu
