2262 3412
333 182 343 198 k
385 137 463 190 car.
479 115 661 200 xrs-xvi,
678 135 797 198 sian.
980 142 1013 192 ιι

171 245 232 302 tate
252 258 386 318 agrorum
406 240 543 298 diuturna
562 258 619 318 pax
643 239 752 298 efficere
772 238 921 318 potuisset
963 244 1011 300 45.
1043 271 1045 276 v

173 320 235 379 Iam
251 327 368 397 accepta
388 319 418 378 in
439 319 719 378 Pontocsiamitate
735 339 770 377 cx
791 339 826 377 eo
842 319 964 396 proelio,
976 319 1013 378 de

174 419 231 477 quc
245 419 297 457 vos
309 399 405 477 paullo
422 407 488 457 ante
504 399 611 456 invitus
628 399 773 470 admonui,
785 418 851 456 cum
866 400 935 456 socii
951 419 1014 476 per·

172 480 344 552 timuissent,
361 479 490 537 hostium
509 498 579 557 opes
599 479 744 556 animique
765 479 926 550 crevissent,
945 479 1013 538 satis

173 558 288 618 firmum
304 559 477 636 praesidium
496 558 644 636 provincia
663 577 722 616 uon
738 557 863 629 haberet,
876 559 1014 618 amisisse-

172 639 210 696 tis
220 638 329 711 Asiam,
340 638 474 710 Quirites,
483 639 540 695 nisi
554 638 590 697 ad
602 638 697 716 ipsum
708 638 862 696 discrimen
872 638 932 696 cius
943 645 1015 696 tcm-

172 719 251 796 poris
272 719 410 776 divinitus
430 717 482 776 On.
493 717 668 795 Pompeium
688 717 725 774 ad
746 737 793 774 eas
809 717 940 794 regiones
955 718 1014 776 for-

172 808 244 855 tuna
258 798 360 875 populi
376 797 500 856 Romani
521 797 670 856 attulisset
712 797 809 855 Huius
824 797 966 857 'adventus
985 804 1015 856 et
1122 799 1127 810 '

173 877 371 936 Mithridatem
385 877 501 936 insolita
513 877 724 935 inflammatum
731 877 858 939 ‚victoria
871 877 1015 936 continuit

167 960 203 1014 'et
218 957 372 1035 Tigranem
388 957 501 1034 magnis
517 957 609 1035 copiis
625 957 809 1015 minitantem
824 957 1015 1015 Asiacretar·

173 1037 260 1096 davit
302 1037 342 1095 Et
358 1037 510 1115 quisquam
530 1036 675 1095 dubitabit
696 1036 766 1114 quid
783 1037 888 1094 virtute
906 1037 1014 1115 perfec·

173 1123 254 1174 turus
264 1117 302 1174 sit
313 1117 363 1194 qui
373 1124 486 1174 tantum
498 1117 666 1175 auctoritate
677 1117 847 1194 pericceritl
867 1124 917 1174 aut
928 1136 1014 1195 quam

173 1196 257 1255 facilc
268 1196 389 1274 imperio
403 1204 490 1274 atquc
501 1197 626 1254 exercitu
641 1197 733 1254 socios
747 1202 776 1254 et
786 1196 936 1273 vectigalia
949 1216 1014 1254 con·

174 1283 334 1334 servaturus
348 1277 385 1334 sit
397 1277 446 1354 qui
457 1276 521 1354 ipso
531 1277 648 1334 nomine
662 1295 695 1334 ac
705 1295 819 1333 rumore
834 1276 1014 1335 defenderitl

173 1355 257 1414 XVL
293 1361 340 1414 46.
355 1356 459 1438 Age
437 1376 504 1414 vero
521 1356 569 1414 illa
584 1375 629 1414 res
650 1362 786 1434 quantam
803 1355 967 1414 declarat
943 1376 1015 1414 erus

174 1436 241 1494 dem
256 1435 384 1494 hominis
400 1419 479 1514 aprid
491 1436 588 1494 hostes
605 1435 706 1514 populi
722 1435 846 1494 Romani
863 1437 1014 1495 auctorita·

173 1521 242 1588 tem,
258 1516 337 1594 quod
353 1536 388 1574 ex
404 1516 476 1574 locis
493 1523 553 1574 tam
573 1516 738 1594 longinquis
758 1523 875 1609 tamque
896 1517 1015 1574 diversis

174 1601 234 1654 tam
251 1595 331 1654 brevi
346 1602 476 1675 tempore
498 1615 597 1654 omnes
617 1597 701 1654 huic
706 1615 735 1654 se
755 1597 806 1654 uni
825 1597 1014 1655 dedidemntl

175 1676 254 1768 quod
270 1675 449 1734 Cretondum
470 1677 565 1754 legati,
581 1695 646 1734 cum
667 1677 698 1734 in
719 1695 818 1744 eorum
839 1677 932 1734 insula
950 1696 1015 1734 nos-

174 1761 219 1814 ter
235 1756 391 1849 imperator
407 1753 603 1833 exercitusque
624 1762 705 1828 esset,
717 1756 760 1814 ad
776 1755 829 1815 On.
840 1756 1014 1834 Pompeium

174 1835 205 1892 in
219 1836 269 1894 ult'
250 1842 334 1894 timas
348 1856 438 1929 prope
451 1843 539 1894 terras
546 1843 688 1894 ¹venerunt
698 1837 781 1914 eique
795 1855 825 1894 se
839 1856 938 1894 omnes
949 1835 1015 1894 Cre

175 1916 299 1974 tensium
310 1917 440 1974 civitates
448 1916 553 1974 dedere
564 1916 635 1974 velle
644 1915 796 1974 dixeruntl
825 1915 920 1985 Qnidi
936 1917 1014 1974 idem

176 1995 229 2054 iste
246 1995 428 2054 Mithridates
447 2015 543 2054 noune
564 1996 602 2054 ad
622 1995 755 2054 eumdem
776 1995 829 2054 On.
841 1996 1014 2073 Pompeium

111 2097 114 2104 ⁴
175 2074 301 2153 legatum
310 2077 439 2154 usquein
447 2076 619 2154 Hispaniam
629 2076 727 2134 misitl
748 2094 822 2147 eum,
835 2095 920 2153 quem
929 2076 1016 2134 Pom·

175 2157 258 2232 peius
273 2155 400 2233 legatum
421 2175 533 2233 semper
548 2156 694 2228 iudicavit,
709 2155 738 2228 ii,
754 2155 858 2232 quibus
879 2163 938 2214 crat
953 2175 1016 2234 per*

176 2235 329 2294 molestum
350 2236 470 2294 adeum
489 2236 674 2313 potissimum
694 2255 755 2294 esse
771 2236 900 2306 missum,
918 2255 1016 2313 specu-

176 2315 295 2374 latorem
310 2335 396 2393 quam
410 2315 537 2393 legatum
551 2315 671 2372 iudicari
684 2315 853 2374 maluerunt
888 2315 1015 2374 Potestis
1114 2353 1119 2366 ·

176 2395 266 2472 igitur
288 2395 346 2454 iam
370 2397 550 2468 constituere,
566 2394 699 2468 Quirites,
720 2395 793 2452 hanc
816 2395 1015 2453 auctoritatem

176 2476 275 2533 multis
288 2483 390 2553 postea
404 2475 488 2534 rebus
501 2475 590 2552 gestis
606 2475 774 2553 magnisque
789 2476 889 2533 restris
902 2475 1015 2533 iudiciis

176 2554 388 2632 amplificatam,
405 2562 545 2634 quantum
573 2555 651 2632 apud
678 2555 742 2612 illos
768 2574 858 2632 reges,
876 2561 1015 2634 quantum

176 2635 255 2712 apud
269 2641 378 2699 exteras
391 2635 522 2692 nationes
535 2634 686 2692 valituram
700 2654 760 2693 esse
774 2635 951 2693 existimetis

180 2751 182 2758 ι
217 2715 264 2772 47.
280 2714 434 2792 Reliquum
451 2721 494 2772 est
510 2721 543 2772 ut
559 2714 758 2786 de-felicitate,
771 2733 857 2792 quam
873 2721 1016 2792 praestare
1126 2721 1127 2730 ’

177 2792 213 2852 de
227 2813 257 2851 se
273 2794 337 2872 ipso
354 2814 439 2853 uerno
455 2800 559 2872 potest,
570 2795 734 2852 meminisse
750 2801 781 2858 et
793 2813 1016 2852 commemorare
1126 2805 1127 2860 ζ

177 2873 213 2931 de
237 2873 327 2933 altero
346 2893 506 2952 possumus,
522 2875 596 2932 sicut
616 2893 739 2952 aequum
763 2881 806 2932 est
825 2874 957 2934 homines
980 2875 1016 2932 de
1126 2911 1127 2928 ι

176 2959 320 3031 potestate
344 2955 472 3026 deorum,
490 2954 592 3012 timide
613 2961 642 3012 et
662 2973 753 3032 pauca
774 2953 910 3013 dicamus
951 2954 1016 3030 Ego
1126 2991 1127 3002 ι

177 3033 254 3090 enim
272 3034 317 3091 sic
329 3034 480 3092 existimo:
501 3033 638 3105 Maximo,
650 3033 792 3106 Marcello,
808 3033 945 3111 Scipioni,
957 3033 1017 3090 Ma·

118 3179 119 3182 ¹
177 3113 229 3184 rio,
241 3119 271 3171 et
284 3114 385 3172 ceteris
397 3114 510 3192 magnis
523 3113 744 3191 imperatoribus
756 3133 815 3171 non
829 3113 922 3170 solum
932 3132 1018 3190 prop-

177 3194 390 3268 ter-virtutem,
407 3194 458 3254 sed
482 3195 570 3253 ctiam
592 3201 711 3272 propter
733 3195 881 3252 fortunam
904 3193 1017 3269 saepius
1126 3199 1127 3208 ¹
