2262 3418
303 155 305 160 .
384 103 734 171 CAP.1v.-v1.,§a1·4..
930 113 979 162 123

73 223 86 248 ⁸
138 207 212 268 latus
225 214 269 268 est
279 228 297 266 a
306 207 337 267 L.
345 207 464 267 Lucullo
478 227 531 286 pro
545 210 669 268 consule.
703 209 757 270 VI.
775 208 884 280 Quaere
898 230 979 289 argu-

137 295 244 360 menta,
255 289 280 346 si
294 307 366 365 quac
379 295 478 367 potes:
497 308 654 366 numquam
668 289 746 348 enim
759 289 806 349 hic
819 310 912 369 neque
926 311 979 350 suc

138 387 231 446 neque
244 368 401 427 amicorum
415 369 522 427 iudicio
535 369 702 428 revincetur.

180 453 225 505 12.
247 446 372 516 Quaeres
392 467 410 506 a
428 447 520 520 nobis,
538 447 627 520 Grati,
646 467 696 507 cur
714 455 796 508 tanto
818 469 903 528 opere
922 450 979 510 hoc

137 526 455 586 hominedelectemur.
497 527 572 596 Quia
592 528 758 606 suppeditat
777 529 861 594 nobis
881 529 931 588 ubi
950 537 980 590 et

88 607 98 656 Α
137 607 251 664 anirnus
273 625 308 664 ex
328 606 384 664 hoc
405 606 514 665 lorensi
536 607 657 684 strepitu
680 607 823 666 reficiatur
846 615 876 667 et
899 627 980 668 aures

82 692 87 724 l
138 685 266 744 convitio
277 686 404 744 defessae
418 687 628 765 conquiescant
663 687 713 744 An
723 695 756 745 tu
770 689 916 745 existimas
929 696 980 746 aut

139 773 290 843 suppetere
305 765 390 825 nobis
403 786 487 844 posse
501 766 579 843 quod
593 767 699 825 cotidie
713 767 842 824 dicamus
855 767 886 824 in
899 774 981 825 tanta

138 845 273 910 varietate
287 865 390 919 rerum,
402 846 459 906 nisi
472 847 583 906 animos
599 853 713 906 nostros
726 847 857 904 doctrina
873 847 981 905 excola·

138 945 211 996 mus,
226 933 276 985 aut
296 927 370 983 ferre
390 927 502 984 animos
522 932 632 983 tantam
651 946 735 1004 posse
755 927 981 999 contentionem,

138 1005 195 1063 nisi
208 1024 258 1062 eos
272 1005 404 1064 doctrina
415 1005 514 1062 eadem
528 1005 703 1064 relaxemusl
728 1006 800 1083 ,Ego
810 1026 877 1064 vcro
887 1007 981 1064 fateor

139 1103 186 1140 me
202 1082 248 1141 his
266 1084 369 1142 studiis
388 1103 448 1142 esse
464 1084 611 1142 deditum:
633 1092 741 1143 ceteros
759 1085 875 1163 pudeat,
890 1080 914 1143 si
932 1087 981 1164 qui

140 1181 170 1222 se
181 1163 222 1220 ita
231 1162 334 1221 litteris
348 1163 527 1234 abdidenmt,
537 1170 570 1221 ut
580 1163 652 1220 nihil
662 1165 775 1241 possint
785 1185 820 1222 ex
830 1164 876 1222 his
887 1185 981 1243 neque

140 1241 178 1300 ad
196 1261 379 1300 communem
397 1243 508 1302 adferre
526 1243 654 1300 fructum
672 1263 764 1321 neque
782 1245 814 1300 in
834 1252 981 1322 aspectum
1074 1264 1077 1270 ·

34 1324 38 1329 “
140 1321 290 1400 lucemque
308 1322 452 1400 proferre:
474 1342 521 1380 me
539 1330 636 1380 autem
653 1323 723 1401 quid
739 1323 854 1401 pudeat,
871 1325 921 1401 qui
936 1331 982 1383 tot

140 1421 230 1460 annos
244 1403 286 1460 ita
294 1403 370 1475 vivo,
379 1403 495 1474 iudices,
504 1409 538 1461 ut
551 1403 687 1462 annilius
700 1423 837 1481 umquam
851 1423 898 1462 me
911 1411 983 1462 tem-

140 1501 210 1560 pore
226 1489 276 1540 aut
290 1483 445 1542 commodo
461 1489 511 1540 aut
527 1483 619 1541 otium
635 1502 732 1541 meum
749 1483 918 1542 abstraxerit
932 1491 983 1542 aut
1070 1501 1074 1511 ·

140 1563 273 1641 voluptas
299 1563 425 1621 avocarit
448 1569 498 1620 aut
521 1563 645 1641 denique
672 1582 789 1622 somnus
816 1563 982 1622 retardanti

143 1649 189 1701 13.
211 1642 325 1713 Quare
346 1644 410 1720 quis
429 1643 548 1702 tandem
568 1663 616 1718 me
637 1643 827 1722 reprehendat
848 1651 898 1702 aut
918 1645 983 1722 quis

140 1723 214 1780 mihi
227 1724 288 1781 iure
305 1730 474 1795 suscenseat,
486 1723 518 1795 si,
531 1730 669 1801 quantum
687 1725 795 1782 ceteris
804 1724 842 1783 ad
858 1743 922 1783 suas
938 1743 983 1782 res

141 1801 296 1875 obeundas,
318 1809 459 1880 quantum
486 1803 523 1860 ad
548 1803 639 1861 icstos
665 1803 727 1862 dies
753 1804 887 1862 ludorum
914 1803 984 1862 cele·

141 1881 274 1954 brandos,
291 1889 431 1960 quantum
452 1881 490 1940 ad
509 1883 578 1940 alias
598 1883 760 1961 voluptates
783 1890 813 1942 et
833 1884 870 1941 ad
890 1883 982 1961 ipsam

142 1963 269 2038 requiem
296 1963 386 2019 animi
410 1967 440 2019 et
466 1961 593 2039 corporis
620 1963 786 2020 conceditur
809 1969 982 2040 temporum,

143 2048 282 2117 quantum
296 2041 346 2098 alii
354 2040 486 2098 tribuunt
495 2041 673 2118 tempestivis
687 2042 832 2114 conviviis,
843 2049 983 2120 quantum

142 2120 266 2198 denique
280 2119 397 2192 alveolo,
408 2127 547 2197 quantum
561 2119 643 2198 pilae,
655 2127 769 2178 tantum
781 2121 855 2178 mihi
869 2129 984 2199 egomet

76 2267 81 2276 Ι
142 2199 273 2258 adhaec
300 2199 396 2258 studia
422 2199 572 2258 recolenda
598 2201 764 2277 sumpserol
803 2200 901 2278 Atque
927 2201 984 2260 hoc

142 2281 215 2338 adeo
231 2279 305 2338 mihi
321 2278 536 2338 concedendum
553 2286 596 2337 est
609 2280 709 2358 magis,
722 2279 800 2356 quod
817 2299 852 2338 ex
865 2280 911 2338 his
927 2288 984 2340 stu-

78 2383 85 2393 ·
143 2360 199 2418 diis
208 2359 278 2418 haec
289 2378 404 2438 quoque
417 2359 518 2418 crescit
531 2359 622 2417 oratio
636 2366 666 2417 et
675 2359 805 2432 facultas,
815 2379 887 2438 quae
898 2381 985 2440 quan·

142 2446 295 2517 tacnmque
313 2439 344 2497 in
364 2458 411 2498 me
432 2445 483 2511 est,
498 2458 655 2516 numquam
673 2439 833 2502 amicorum
850 2441 984 2518 periculis

143 2519 245 2578 defuit.
281 2519 366 2588 Quae'
374 2521 399 2578 si
412 2519 459 2577 oui
473 2519 562 2577 levior
574 2518 695 2591 videtur,
706 2519 755 2577 illa
769 2520 885 2597 quidem
899 2528 983 2593 ccrtc,

143 2618 216 2676 quae
230 2613 342 2656 summa
356 2606 430 2671 sunt,
440 2619 476 2657 ex
489 2599 643 2676 quo'fonte
656 2595 784 2656 hauriam
799 2601 899 2658 sentio.
937 2606 982 2659 14.

144 2679 220 2736 Nam
230 2679 286 2736 nisi
296 2678 452 2737 multorum
462 2679 621 2756 praeceptis
634 2678 788 2755 multisque
799 2678 901 2738 litteris
910 2680 984 2738 mihi
1068 2727 1077 2746 .

143 2758 180 2818 ab
199 2759 390 2817 adolescentia
410 2759 560 2816 suasissem
579 2758 652 2818 nihil
671 2777 731 2816 esse
749 2759 780 2815 in
798 2760 858 2817 vita
877 2761 983 2836 magno

144 2858 230 2916 opere
247 2838 439 2917 expetendum
455 2839 511 2895 nisi
524 2838 638 2896 laudem
655 2844 740 2916 atque
753 2838 941 2910 honestatem,
952 2840 983 2896 in

145 2938 178 2976 ca
191 2924 288 2976 autem
301 2917 497 2996 persequenda
510 2937 610 2975 omnes
624 2919 764 2976 cmciatus
778 2918 912 2995 corporis,
925 2938 984 2975 om-

144 2999 194 3056 nia
207 2999 332 3076 pericula
347 2999 449 3056 mortis
465 3005 553 3075 atque
568 2998 659 3056 exsilii
672 2999 753 3075 parvi
769 3016 828 3056 esse
845 2997 982 3070 ducenda,

144 3097 302 3156 numquam
315 3098 363 3136 me
376 3097 429 3156 pro
443 3078 533 3136 salute
547 3084 640 3136 vestra
649 3078 679 3136 in
690 3083 735 3136 tot
749 3097 781 3135 ac
795 3083 889 3134 tantas
902 3076 985 3133 dimi-

145 3159 272 3218 cationes
290 3165 376 3236 atquc
394 3159 425 3217 in
440 3159 494 3216 hos
512 3157 730 3236 profligatorum
746 3157 897 3215 hominum
915 3156 985 3215 coti-
