2262 3418
114 124 161 172 156
249 122 321 174 PRO
336 122 367 172 T.
376 121 495 174 'ANNIO
506 121 650 173 'MILONE
667 121 810 174 ORATIO.

112 223 158 282 his
176 221 350 280 testimoniis
368 223 426 280 sint
442 223 597 282 confectae.
639 222 770 281 Primum
792 229 867 282 certe
883 223 951 284 libe-¹

112 308 191 360 ratur
204 301 275 358 Milo
291 321 350 359 non
367 321 402 360 eo
419 302 538 360 consilio
552 303 699 380 profectus
710 322 778 374 esse,
791 310 823 360 ut
837 304 951 362 insidia·

112 388 191 440 retur
207 380 237 439 in
251 381 297 439 via
313 381 433 439 Clodio:
456 383 570 460 quippe,
583 383 607 439 si
621 381 668 439 ille
683 383 785 440 obvius
799 384 825 440 ei
836 383 951 442 futurus

112 460 232 520 omnino
246 481 305 520 non
319 469 385 520 erat
421 461 634 536 Deinde—nou
649 463 725 519 enim
737 463 820 520 video
832 483 882 521 cur
891 483 950 522 non

112 561 209 599 meum
221 561 335 619 quoque
349 561 432 618 agam
443 542 720 619 negotium-scitis,
733 541 849 615 iudices,
861 543 950 602 fuisse

112 623 162 700 qui
173 623 203 679 in
214 621 267 679 hac
282 622 430 698 rogatione
444 621 589 679 suadenda
599 622 726 680 dicerent
736 621 853 690 Milonis
862 642 950 683 manu

112 701 228 758 caedem
249 720 309 759 esse
329 702 445 772 factam,
460 701 579 759 consilio
598 721 664 759 vero
685 702 802 759 maioris
822 702 948 762 alicuius

63 831 65 834 .
112 780 175 838 Me
181 780 313 839 videlieet
332 781 473 838 latronem
493 801 526 838 ac
547 781 679 838 sicarium
701 781 804 839 abiecti
818 781 950 840 homines

91 868 142 918 ‘et
157 861 263 938 perditi
279 860 484 920 describebant
527 861 625 926 Iacent
641 861 700 918 suis
716 861 878 919 testibusii
857 863 949 939 u,qui

112 939 248 998 Clodium
264 948 371 1018 negant
387 960 422 998 eo
438 925 486 998 die
499 940 631 1012 Romam,
643 941 698 998 nisi
715 940 751 998 de
765 941 843 1018 Cyro
857 906 950 999 aridis

112 1026 163 1091 set,
174 1020 263 1077 fuisse
274 1020 440 1078 rediturum.
475 1020 637 1113 Respimvi.
643 1020 778 1078 liberatus
788 1039 868 1079 sum
889 1039 948 1078 non

112 1118 211 1156 vereor
223 1119 267 1172 ne,
279 1099 356 1177 quod
367 1119 402 1157 ne
417 1101 553 1178 suspicari
544 1101 680 1179 quidem
691 1101 843 1177 potuerim,
853 1101 950 1159 videar

111 1179 143 1236 id
156 1179 303 1256 cogitasse.
346 1185 392 1237 48.
409 1179 493 1238 Nunc
507 1199 659 1258 persequar
671 1187 771 1238 cetera
814 1180 890 1238 Nam
905 1201 950 1239 oc-

112 1258 199 1316 currit
219 1259 306 1317 illud:
332 1259 425 1336 Igitur
447 1280 484 1318 no
504 1259 623 1318 Clodius
644 1260 760 1338 quidem
781 1259 818 1318 de
838 1261 949 1318 insidiis

111 1339 257 1416 cogitarit,
270 1339 406 1417 quoniam
420 1340 478 1397 fuit
487 1340 518 1397 in
529 1339 643 1397 Albano
656 1359 814 1398 mansurus.
846 1339 878 1398 si
889 1341 950 1418 qui-

46 1442 48 1445 ·
111 1418 178 1476 dem
195 1419 322 1476 exiturus
337 1419 376 1476 ed
391 1419 506 1477 caedem
521 1439 537 1477 e
550 1419 617 1477 villa
632 1439 691 1477 non
705 1420 814 1478 fuisset.
853 1420 949 1496 Video

111 1499 187 1556 enim
199 1498 288 1570 illurn,
301 1499 350 1576 qui
364 1499 475 1557 dicatur
488 1499 524 1557 de
534 1498 604 1576 Cyri
617 1505 711 1557 morte
725 1500 878 1572 nuntiasse,
890 1519 949 1558 non

111 1579 142 1636 id
151 1578 511 1650 nuntiasse,sedMilonem
521 1579 758 1657 appropinquare.
791 1579 949 1658 Numquid

1 1698 8 1707 ρ
111 1658 148 1716 de
164 1658 242 1735 Cyro
258 1658 411 1730 nuntiaret,
422 1677 507 1736 quem
524 1659 643 1717 Clodius
659 1659 753 1717 Roma
768 1659 949 1737 proficiscens
992 1725 997 1732 ‚

111 1738 263 1816 reliquerat
275 1739 464 1796 morienteml
498 1738 566 1797 Una
576 1739 628 1810 fui,
636 1746 840 1798 testamentum
852 1734 947 1818 [Cyri]

111 1818 197 1876 simul
221 1807 389 1895 obsignavi
387 1838 457 1876 cum
478 1818 604 1877 Clodio:
627 1825 831 1878 testamentum
852 1827 949 1878 autem

110 1897 206 1976 palam
229 1898 336 1956 fecerat
358 1905 387 1956 et
408 1898 490 1957 illum
511 1899 646 1956 heredem
670 1906 699 1957 et
723 1918 769 1957 me
790 1900 947 1977 scripserat.

111 1977 204 2047 Quem
221 1978 313 2055 pridie
330 1978 400 2036 hora
415 1979 500 2036 tertia
515 1979 641 2036 animam
662 1979 804 2038 efflantem
823 1980 950 2058 reliquis·

111 2065 162 2130 set,
174 2077 241 2116 eum
254 2057 400 2116 mortuum
417 2058 555 2136 postridie
571 2059 643 2116 hora
658 2059 770 2117 decima
783 2059 946 2138 denique
922 2080 948 2118 er

111 2101 314 2196 nuritiabaturl
354 2138 438 2197 XIX.
471 2144 517 2196 49.
533 2137 607 2216 Age,
619 2139 657 2196 sit
670 2139 712 2196 its
727 2139 854 2198 factum:
877 2159 949 2230 quae

111 2237 195 2275 causa
221 2237 272 2276 our
295 2217 418 2276 Romam
442 2219 625 2296 properarctl
654 2236 704 2276 cur
728 2220 758 2276 in
783 2226 898 2278 noctem
916 2213 949 2278 ‘se

111 2298 281 2356 coniiceretl
322 2297 399 2366 Quid
422 2298 571 2356 adferebat
597 2318 711 2356 oausam
738 2299 949 2358 festmationisl

92 2389 96 2395 ’
111 2376 196 2446 Quod
210 2377 291 2444 heres
305 2378 383 2436 eratl
423 2378 555 2436 Primum
571 2386 632 2437 erat
645 2378 717 2436 nihil
732 2398 783 2436 cur
795 2387 949 2457 properato

110 2475 184 2534 opus
200 2464 290 2515 esset:
311 2457 416 2516 deinde
436 2458 461 2515 si
484 2457 554 2536 quid
570 2466 651 2531 esset,
664 2459 735 2536 quid
751 2459 868 2518 tandem
889 2467 950 2518 erat

111 2537 190 2614 quod
210 2556 244 2594 ea
263 2544 347 2595 nocte
368 2539 504 2615 consequi
524 2545 628 2615 posset,
640 2539 785 2596 amitteret
804 2546 909 2611 autem,
925 2539 949 2596 si

110 2616 248 2694 postridie
262 2616 386 2674 Romam
399 2636 483 2674 mane
498 2618 637 2676 venissetl
671 2617 768 2696 Atque
782 2625 815 2676 ut
828 2618 871 2676 illi
885 2637 950 2676 noo·

110 2703 212 2752 turnus
228 2695 265 2752 sd
279 2696 378 2754 urbem
392 2697 531 2755 adventus
545 2697 678 2756 vitandus
692 2697 789 2774 potius
803 2717 890 2776 quam
904 2717 951 2756 ex-

110 2775 251 2853 petendus
262 2776 357 2848 luit,
335 2795 376 2833 src
387 2775 497 2848 Miloni,
505 2796 571 2834 oum
581 2776 732 2834 insidiator
742 2784 823 2849 esset,
833 2798 858 2835 s1
849 2777 948 2845 illum

110 2855 148 2912 ad
172 2855 272 2912 urbem
295 2863 379 2914 noete
407 2875 583 2914 accessurum
608 2856 723 2929 sciebat,
743 2822 949 2915 subsidendum

111 2942 197 3012 atque
221 2935 443 3028 exspectandum
468 2935 533 2994 fuit
572 2942 617 2994 50.
634 2935 739 3009 Noctu,
759 2937 899 2995 insidioso
919 2943 950 2994 et

110 3012 197 3090 pleno
213 3013 381 3072 latronum
373 3034 403 3071 m
420 3013 483 3072 loco
501 3015 667 3073 occidisset:
689 3035 774 3073 nemo
782 3017 815 3074 'ei
832 3016 950 3094 neganti
977 3054 981 3065 ι

111 3111 170 3148 non
184 3093 357 3165 credidisset,
371 3111 455 3170 quem
470 3112 531 3151 esse
545 3113 645 3152 omnes
659 3095 768 3152 salvum
782 3096 869 3153 etiarn
884 3114 950 3152 con·

110 3169 240 3229 fitentem
261 3171 369 3230 volunt
411 3171 599 3231 Sustinuisset
619 3172 674 3232 hoc
695 3175 802 3232 crimen
823 3175 949 3252 primum
