2262 3412
422 157 502 208 cnr.
518 159 622 220 1.-111.,
639 157 653 218 e
669 161 724 210 1-1.
750 228 754 234 ¹
976 135 1001 212 cs

153 281 201 320 me
214 279 268 339 pro
282 259 497 332 necessitudine,
510 279 582 338 quae
595 259 668 317 mihi
682 266 725 318 est
739 279 805 318 cum
819 260 868 320 illo
883 263 992 336 ordine,

154 359 268 402 causam
289 341 330 398 rei
350 339 480 418 publicae
500 341 681 418 periculaque
701 359 796 398 rerum
815 361 928 400 suarum
947 344 993 402 111-

155 421 297 480 tulerunt:
321 426 346 477 5.
365 419 528 496 Bithyniae,
545 439 616 497 quae
637 438 713 477 nune
733 427 827 479 vestra
846 423 993 500 provincia

155 507 206 571 est,
218 500 296 558 vicos
314 505 430 557 exustos
448 519 508 557 esse
524 498 700 576 complures:
722 519 843 577 regnum
859 502 994 560 Ariobar-

155 580 240 651 zanis,
253 578 331 657 quod
347 578 502 636 finitimum
519 586 563 636 est
576 579 677 636 vestris
690 580 885 658 vectigalibus,
896 589 992 640 toturn

155 679 216 720 csse
234 658 265 716 in
281 658 408 734 hostium
425 665 583 735 potestate:
605 657 636 716 L.
648 658 799 717 Lucullum
820 662 932 738 magnis
952 682 993 720 re-

154 739 209 800 bus
219 739 307 816 gestis
320 737 356 795 ab
370 757 404 796 eo
414 736 490 795 bello
504 737 664 797 discedere:
685 738 753 797 huic
765 741 814 819 qui
829 742 993 799 successerit

155 818 299 876 nonsatis
319 837 379 875 esse
395 824 526 894 paratum
548 817 585 877 ad
605 825 718 877 tantum
735 819 841 878 bellum
859 820 994 878 adminis-

154 898 306 956 trandum:
328 893 418 955 unrim
435 897 470 955 ab
485 898 619 956 omnibus
636 899 721 957 sociis
737 907 767 957 et
783 899 893 962 civibus
909 900 946 958 ad
962 901 993 958 id

154 977 262 1036 bellum
281 978 481 1054 imperatorem
499 977 616 1055 deposci
637 985 723 1056 atque
743 981 847 1057 expeti,
859 980 992 1038 eumdem

154 1057 231 1116 hune
245 1076 334 1114 unum
348 1057 384 1115 ab
398 1056 529 1114 hostibus
541 1059 640 1129 metui,
652 1067 798 1137 praeterea
810 1060 963 1117 nemiuem.

196 1143 222 1194 6.
241 1136 333 1194 Causa
347 1156 419 1215 quae
433 1137 471 1194 sit
482 1137 601 1195 videtis:
623 1157 699 1196 nuuc
714 1139 785 1218 quid
798 1139 940 1216 agendum
956 1140 993 1197 sit

155 1216 339 1290 considerate.
381 1215 514 1274 Primum
527 1217 600 1275 mihi
614 1217 727 1278 videtur
744 1218 779 1276 111
796 1238 899 1296 genere
915 1219 991 1290 belli,
1063 1233 1066 1244 ’

155 1295 259 1354 deiude
272 1296 307 1354 de
320 1296 529 1374 magnitudine,
538 1303 601 1354 tum
613 1297 649 1354 de
659 1298 829 1375 imperatore
841 1297 993 1375 deligendo

39 1409 43 1420 ·
155 1395 215 1434 esse
239 1375 401 1440 dicendum.
443 1376 541 1435 Genus
565 1384 608 1434 est
629 1376 697 1436 belli
721 1377 782 1435 eius
805 1377 895 1449 modi,
915 1378 994 1455 quod

154 1457 278 1513 maxime
288 1463 398 1514 vestros
412 1457 523 1515 animos
537 1457 660 1516 excitare
674 1463 760 1536 atque
770 1457 946 1515 inflammare
957 1458 994 1515 ad

176 1536 343 1614 ersequendi
364 1537 491 1595 studium
513 1536 631 1596 debeat:
653 1537 684 1593 in
703 1556 761 1614 quo
782 1536 878 1614 agitur
892 1537 994 1615 populi

154 1555 278 1673 itomani
297 1616 395 1693 gloria,
408 1635 480 1693 quae
496 1615 578 1674 vobis
596 1636 614 1674 a
631 1615 787 1673 maioribus
806 1635 870 1674 cum
890 1636 995 1694 magna

155 1695 185 1752 111
202 1695 337 1753 omnibus
352 1696 437 1754 rebus
453 1703 516 1753 tum
533 1715 645 1752 summa
662 1696 692 1752 in
709 1715 739 1754 11
756 1696 873 1754 militari
889 1696 995 1754 tradita

155 1781 214 1832 est:
236 1775 332 1853 agitur
345 1775 420 1833 salus
435 1776 577 1833 sociorum
591 1782 677 1854 atque
693 1776 858 1846 amicorum,
871 1794 924 1853 pro
939 1796 995 1853 qua

154 1854 246 1912 multa
267 1856 389 1914 maiores
410 1855 496 1913 vestri
517 1874 623 1932 magna
643 1862 674 1912 11
693 1855 790 1932 gravia
809 1854 884 1913 bella
903 1875 995 1934 gesse·

155 1942 241 1993 runt:
266 1943 390 2014 aguntur
409 1935 567 1993 certissima
585 1934 686 2012 populi
705 1934 829 1993 Romani
845 1935 995 2014 vectigalia

155 2022 186 2072 11
195 2015 328 2087 maxima,
340 2014 444 2093 quibus
458 2014 569 2072 amis‘sis
583 2021 612 2072 et
622 2015 701 2092 pacis
714 2021 881 2072 ornamenta
891 2022 920 2073 et
931 2014 995 2072 sub

156 2094 229 2152 sidia
238 2095 305 2153 belli
316 2095 480 2172 requiretis:
497 2099 622 2171 aguntur
629 2094 705 2152 bona
713 2094 869 2152 multomm
879 2094 993 2167 civium,

157 2174 260 2252 quibus
277 2182 320 2233 est
336 2195 354 2232 a
369 2174 451 2232 vobis
470 2180 499 2232 et
515 2175 643 2252 ipsorum
660 2180 689 2232 et
705 2174 746 2231 rei
762 2174 892 2251 publicae
910 2193 995 2232 causa

157 2255 371 2313 consulendum.
407 2254 460 2313 III.
495 2254 520 2311 7.
533 2253 572 2311 Et
586 2254 721 2331 quoniam
736 2273 848 2331 semper
861 2261 995 2331 appeten-

155 2341 200 2393 tes
215 2335 323 2413 gloriae
339 2341 452 2412 praeter
467 2341 575 2392 ceteras
590 2341 691 2410 gentes
707 2339 793 2410 atque
809 2333 886 2391 avidi
903 2333 995 2392 laudis

156 2415 260 2486 fuistis,
279 2415 402 2473 delenda
425 2421 468 2472 est
489 2412 572 2471 vobis
596 2414 645 2471 illa
666 2413 777 2470 macula
798 2412 994 2470 Mithridatico

156 2493 232 2553 bello
246 2495 390 2572 superiore
404 2500 550 2571 concepta,
563 2512 635 2570 quae
645 2494 761 2570 penitus
775 2493 832 2550 iam
847 2492 951 2550 insedit
962 2512 995 2550 ac

156 2575 243 2632 nimis
256 2574 425 2632 inveteravit
438 2573 468 2630 in
482 2573 583 2651 populi
594 2573 718 2630 Romani
732 2573 856 2643 nomine,
869 2571 947 2649 quod
961 2572 993 2643 is,

80 2704 83 2708 .
157 2654 207 2730 qui
220 2673 279 2711 uno
294 2653 343 2712 die·
354 2660 417 2711 tota
431 2653 460 2710 iu
476 2653 554 2723 Asia,
566 2659 612 2710 tot
624 2653 654 2709 in
669 2651 841 2723 civitatibus,
852 2670 910 2708 uno
925 2671 996 2708 nun·

156 2734 199 2791 tio
209 2740 295 2812 atque
306 2753 364 2790 una
377 2732 585 2811 significatione
595 2731 752 2790 litterarum
764 2731 839 2788 cives
849 2730 995 2788 Romanos

157 2813 301 2872 necandos
314 2812 556 2889 trucidandosque
567 2811 723 2883 denotavit,
733 2829 791 2868 nou
802 2811 890 2868 modo
901 2810 995 2868 adhue

157 2911 280 2970 poenam
297 2892 404 2950 nullam
424 2911 477 2950 suo
493 2891 611 2968 dignam
628 2890 731 2950 scelere
748 2891 880 2968 suscepit,
893 2889 943 2947 sed
959 2889 995 2946 ab

157 2972 206 3031 111ο
223 2979 353 3050 tempore
374 2990 482 3030 annum
498 2971 556 3028 iam
573 2971 690 3028 testium
707 2977 736 3029 et
752 2971 918 3027 vicesimum
935 2987 997 3044 reg-

157 3059 247 3111 natet
260 3053 302 3110 ita
314 3059 423 3130 regnat,
436 3058 468 3108 ut
483 3070 512 3108 se
526 3069 585 3108 uon
595 3050 684 3108 Ponti
696 3069 787 3126 neque
798 3047 996 3126 Cappadociae

157 3131 272 3190 latebris
286 3132 427 3189 occultare
441 3131 518 3202 velit,
530 3130 580 3188 sed
594 3148 737 3207 emergere
751 3147 785 3186 ex
799 3127 893 3204 patrio
908 3145 996 3201 regno

157 3221 243 3290 atque
263 3213 295 3269 iu
311 3213 412 3270 vestris
428 3210 621 3288 vectigalibus,
635 3210 692 3268 hoe
712 3215 763 3280 est,
778 3207 808 3264 in
829 3206 916 3264 Asiae
934 3206 996 3263 luce
