2262 3412
371 147 373 152 ’
414 172 708 238 OAP.1.,11.,§1-4.
951 177 984 226 11

141 280 232 341 lectus
246 278 284 337 ad
298 277 424 358 quie-tem
438 276 530 349 datus,
542 295 602 334 non
616 275 739 354 deniqne
751 275 823 334 haec
840 275 920 335 sedes
933 276 984 336 ho·

141 362 219 420 noris
237 354 319 434 [sella
338 355 455 434 curulis]
473 375 611 434 umquam
629 375 719 414 vacua
737 356 840 414 mortis
855 357 983 433 periculo

142 450 228 519 atquc
244 426 357 498 insidiis
372 437 438 495 fuit.
480 436 544 513 Ego
560 435 652 494 multa
664 436 749 507 tacui,
761 436 853 494 multo
868 437 982 513 pertuli,

142 521 234 579 multo
250 516 385 589 concessi,
397 516 489 574 multa
504 535 569 573 meo
587 507 712 594 qucum
729 515 827 573 dolore
843 515 875 573 in
889 523 984 574 vestro

142 602 246 658 timore
260 598 364 656 sanavi.
401 596 430 654 N
431 615 486 653 unc
500 596 524 653 si
534 595 611 653 hunc
625 595 734 653 exitum
748 594 912 653 consulatus
925 597 984 654 mei

142 680 174 738 di
196 677 371 737 immortales
392 695 453 734 1111
474 675 634 746 voluerunt,
654 680 688 733 ut
710 694 762 732 vos
784 675 984 753 populumque

142 759 306 818 Romanum
323 777 358 815 ex
378 754 464 814 caede
484 755 650 826 miserrime,
666 755 802 832 coniuges
822 754 984 842 liberosque
1092 772 1097 776 ·

142 846 251 897 vestros
261 837 442 914 virginesque
449 833 580 910 Vestales
590 853 625 892 ex
635 834 816 892 acerbissima
823 835 982 906 vexatione,

141 919 251 998 templa
270 925 356 995 atque
377 905 595 996 delubrashanc
614 913 836 991 pulcherrimam
860 915 983 993 patriam

143 999 272 1055 omnium
288 1002 420 1054 nostrum
441 1014 476 1052 ex
491 993 660 1052 foedissima
680 993 803 1065 flamma,
819 1000 911 1051 totam
929 993 984 1051 Ita-

142 1077 210 1134 liam
224 1097 259 1134 ex
269 1076 345 1134 bello
359 1082 389 1133 ct
398 1075 531 1132 vastitate
545 1073 692 1150 eriperem,
704 1092 900 1151 quaecumque
910 1073 984 1132 mihi

142 1157 193 1213 uni
202 1163 380 1233 proponetur
389 1155 514 1226 fortuna,
527 1153 668 1244 subeffipr.
701 1151 818 1210 Etenim
832 1153 856 1210 si
870 1153 903 1211 P.
913 1152 984 1210 Len-

142 1236 219 1293 tulus
236 1255 320 1292 suum
336 1253 442 1292 nomen
459 1232 594 1291 inductus
608 1252 626 1290 a
638 1231 752 1290 vatibus
767 1231 855 1289 fatale
871 1231 909 1290 ad
922 1252 984 1309 per-

141 1315 247 1394 niciem
263 1315 306 1372 rei
321 1314 453 1391 publicae
469 1314 532 1370 fore
549 1313 670 1392 putavit,
682 1331 733 1369 cur
748 1330 803 1388 ego
820 1330 879 1370 non
896 1311 984 1388 laeter
1014 1335 1017 1342 ·

141 1414 238 1452 mcum
256 1394 436 1474 consulatmn
452 1392 490 1451 ad
506 1393 626 1450 salutem
640 1391 740 1470 populi
754 1391 878 1448 Romani
892 1410 983 1468 prope

99 1464 259 1543 &fatalem
273 1474 433 1532 exstitisset
474 1472 511 1532 ΙΙ.
535 1479 561 1532 3.
577 1472 641 1542 Qua
657 1491 694 1543 re,
706 1478 802 1548 patres
818 1471 981 1549 conscripti,

142 1553 281 1612 consulite
290 1553 381 1632 vobis,
387 1553 543 1630 prospicite
551 1553 668 1630 patriae,
677 1556 841 1609 conservate
849 1571 908 1623 vos,
917 1570 984 1609 con-

141 1633 231 1711 iuges,
250 1625 356 1691 libero's
382 1633 570 1710 fortunasque
597 1638 711 1702 vestras,
729 1631 831 1708 populi
857 1631 983 1690 Romani

141 1731 247 1770 nomen
262 1713 439 1791 salutemque
452 1712 615 1770 defendite:
636 1712 710 1770 mihi
720 1731 834 1789 parcere
844 1731 877 1789 ac
888 1711 924 1769 dc
934 1730 982 1770 mc

142 1793 268 1869 cogitare
282 1792 412 1866 desinite.
455 1791 531 1850 Nam
545 1776 778 1870 primum‘ffebeo
795 1811 906 1868 sperare
923 1811 983 1848 om-

141 1891 192 1929 nes
213 1873 290 1944 deos,
306 1873 355 1948 qui
371 1872 439 1929 huic
460 1871 524 1930 urbi
544 1871 716 1948 praesident,
732 1891 784 1949 pro
801 1891 836 1930 eo
856 1871 929 1929 mihi
949 1891 1006 1949 ac·

141 1970 253 2008 mereor
268 1951 406 2009 relaturos
422 1969 481 2008 esse
498 1952 637 2027 gratiam:
659 1950 772 2023 deinde,
785 1952 810 2008 si
826 1951 897 2029 quid
910 1951 983 2009 obti-

142 2031 224 2106 ge-rit,
240 2049 330 2106 aequo
351 2031 448 2087 animo
466 2037 623 2108 paratoque
641 2031 754 2088 moriar.
797 2030 873 2088 Nam
889 2050 982 2109 neque

142 2108 235 2185 turpis
251 2128 328 2166 mors
344 2109 415 2176 forti
431 2109 492 2166 viro
508 2116 605 2186 potest
624 2109 752 2167 accidere
772 2129 864 2186 neque
883 2111 983 2168 imma-

142 2196 207 2246 tura
227 2188 368 2246 consulari
387 2207 480 2266 neque
503 2190 607 2246 misera
628 2189 758 2266 sapienti.
801 2188 862 2247 Nec
885 2196 983 2247 tamen

142 2287 197 2346 ego
211 2287 276 2326 snm
292 2267 339 2326 1111
352 2268 469 2340 ferreus,
483 2269 532 2345 qui
544 2268 642 2326 fratris
655 2269 793 2326 carissimi
807 2275 837 2326 et
849 2270 983 2327 amantis
1008 2293 1009 2296 ¹

143 2348 209 2405 simi
224 2347 381 2425 praesentis
397 2366 524 2406 macrore
541 2367 601 2405 non
616 2367 734 2430 movear
746 2347 907 2426 horumque
923 2367 983 2406 om·
1046 2348 1047 2352 ’

141 2427 223 2485 nium
247 2427 379 2500 lacrimis,
397 2446 415 2485 a
435 2425 539 2505 quibus
563 2447 610 2485 me
631 2427 848 2486 circumsessum
869 2428 981 2488 videtis.

110 2504 129 2552 1
141 2506 243 2586 Neque
256 2527 351 2565 meam
364 2514 490 2565 mentem
501 2526 561 2565 non
572 2506 691 2565 domum
702 2527 786 2584 saepe
796 2514 910 2565 revocat
920 2527 983 2566 exa-

141 2587 339 2658 nimatauxor
359 2593 388 2646 ct
404 2587 514 2646 abiecte
530 2593 610 2665 metu
625 2572 684 2660 illa
700 2593 730 2646 et
744 2587 880 2665 parvulus
897 2587 981 2663 filine,

142 2685 228 2744 quem
238 2666 311 2724 mihi
321 2667 434 2725 ridetur
447 2667 582 2744 amplecti
596 2687 640 2725 111
650 2667 765 2746 publica
775 2675 923 2745 tamquam
934 2668 983 2726 ob-

141 2745 233 2804 sidem
243 2746 407 2804 consulatus
417 2747 483 2819 mei,
493 2766 585 2825 neque
595 2747 650 2819 ille,
662 2747 712 2826 qui
720 2754 886 2826 exspectans
896 2747 982 2805 huius
1072 2749 1077 2760 '

141 2826 251 2883 exitum
268 2825 326 2883 dici
343 2825 447 2883 stetin
465 2834 620 2903 conspectu
636 2846 711 2899 meo,
726 2846 820 2904 gener.
863 2826 982 2885 Moveor

141 2904 187 2962 his
195 2905 279 2963 rebus
288 2905 429 2977 omnibus
438 2905 488 2963 sed
496 2905 527 2962 in
536 2925 599 2964 eam
609 2913 729 2985 partem,
737 2907 781 2965 uti
792 2906 870 2990 111111ι
870 2907 928 2981 sint
934 2925 983 2964 vo·

141 2983 253 3042 biscum
266 3004 374 3055 omnes,
387 2984 474 3042 etiam
488 2985 569 3042 sime
580 2985 622 3043 vis
636 2985 731 3064 aliqua
741 2986 921 3064 oppresserit,
932 3005 983 3064 po·

141 3065 207 3136 tius,
219 3083 305 3143 quam
319 3070 348 3124 11
362 3064 404 3123 illi
418 3070 447 3122 11
461 3083 514 3121 nos
528 3083 586 3122 una
598 3065 639 3122 rei
649 3065 781 3142 publicae
792 3071 872 3142 peste
886 3085 982 3143 perea-

141 3161 213 3202 mus.
250 3148 276 3203 4.
290 3142 401 3217 Quare,
411 3149 506 3220 patres
519 3144 681 3223 conscripti,
692 3145 850 3202 incumbite
864 3145 901 3204 ad
911 3145 982 3202 salu-

141 3227 202 3282 tem
212 3222 254 3283 111
264 3223 403 3302 publicae,
415 3223 625 3303 circumspicite
639 3243 739 3284 01111111
752 3223 897 3302 procellas,
910 3244 982 3303 quae
