<?xml version="1.0" encoding="UTF-8"?>
<!DOCTYPE html PUBLIC "-//W3C//DTD XHTML 1.0 Transitional//EN"
    "http://www.w3.org/TR/xhtml1/DTD/xhtml1-transitional.dtd">
<html xmlns="http://www.w3.org/1999/xhtml" xml:lang="en" lang="en">
 <head>
  <title>
</title>
<meta http-equiv="Content-Type" content="text/html;charset=utf-8" />
  <meta name='ocr-system' content='tesseract 3.04.00' />
  <meta name='ocr-capabilities' content='ocr_page ocr_carea ocr_par ocr_line ocrx_word'/>
</head>
<body>
  <div class='ocr_page' id='page_1' title='image "./mtulliiciceroni99cicegoog/mtulliiciceroni99cicegoog_0232.png"; bbox 0 0 2240 3418; ppageno 0'>
   <div class='ocr_carea' id='block_1_1' title="bbox 124 95 925 182">
    <p class='ocr_par' dir='ltr' id='par_1_1' title="bbox 124 95 925 182">
     <span class='ocr_line' id='line_1_1' title="bbox 124 95 925 182; baseline 0.001 -19"><span class='ocrx_word' id='word_1_1' title='bbox 124 95 172 164; x_wconf 78' lang='grc' dir='ltr'>ιιι</span> <span class='ocrx_word' id='word_1_2' title='bbox 205 115 245 165; x_wconf 82' lang='grc' dir='ltr'>ιιι</span> <span class='ocrx_word' id='word_1_3' title='bbox 256 114 300 164; x_wconf 85' lang='grc' dir='ltr'>ιι.</span> <span class='ocrx_word' id='word_1_4' title='bbox 315 113 508 164; x_wconf 75' lang='grc' dir='ltr'>ιιιοιιιιιιι</span> <span class='ocrx_word' id='word_1_5' title='bbox 525 111 660 164; x_wconf 75' lang='lat' dir='ltr'>onemo</span> <span class='ocrx_word' id='word_1_6' title='bbox 671 112 887 182; x_wconf 3' lang='lat' dir='ltr'>‘enumeres</span> <span class='ocrx_word' id='word_1_7' title='bbox 903 113 925 164; x_wconf 93' lang='lat'>1.</span> 
     </span>
    </p>
   </div>
   <div class='ocr_carea' id='block_1_2' title="bbox 118 215 999 1890">
    <p class='ocr_par' dir='ltr' id='par_1_2' title="bbox 119 215 989 533">
     <span class='ocr_line' id='line_1_2' title="bbox 124 215 962 293; baseline -0.001 -18"><span class='ocrx_word' id='word_1_8' title='bbox 124 216 403 276; x_wconf 86' lang='lat' dir='ltr'>accidisset-multa</span> <span class='ocrx_word' id='word_1_9' title='bbox 416 221 512 273; x_wconf 87' lang='lat' dir='ltr'>autem</span> <span class='ocrx_word' id='word_1_10' title='bbox 526 215 690 293; x_wconf 83' lang='lat' dir='ltr'>impendere</span> <span class='ocrx_word' id='word_1_11' title='bbox 705 215 838 273; x_wconf 88' lang='lat' dir='ltr'>videntur</span> <span class='ocrx_word' id='word_1_12' title='bbox 851 222 962 293; x_wconf 82' lang='lat' dir='ltr'>praeter</span> 
     </span>
     <span class='ocr_line' id='line_1_3' title="bbox 121 295 962 373; baseline -0.001 -18"><span class='ocrx_word' id='word_1_13' title='bbox 121 304 255 355; x_wconf 87' lang='lat' dir='ltr'>naturam</span> <span class='ocrx_word' id='word_1_14' title='bbox 272 297 358 354; x_wconf 86' lang='lat' dir='ltr'>etiam</span> <span class='ocrx_word' id='word_1_15' title='bbox 375 302 542 373; x_wconf 75' lang='lat' dir='ltr'>praeterque</span> <span class='ocrx_word' id='word_1_16' title='bbox 558 295 777 352; x_wconf 75' lang='lat' dir='ltr'>fatum—huius</span> <span class='ocrx_word' id='word_1_17' title='bbox 793 301 890 353; x_wconf 88' lang='lat' dir='ltr'>tamen</span> <span class='ocrx_word' id='word_1_18' title='bbox 904 295 962 354; x_wconf 91' lang='lat' dir='ltr'>diei</span> 
     </span>
     <span class='ocr_line' id='line_1_4' title="bbox 123 373 989 453; baseline -0.001 -19"><span class='ocrx_word' id='word_1_19' title='bbox 123 395 224 434; x_wconf 88' lang='lat' dir='ltr'>vocem</span> <span class='ocrx_word' id='word_1_20' title='bbox 240 383 343 434; x_wconf 88' lang='lat' dir='ltr'>testem</span> <span class='ocrx_word' id='word_1_21' title='bbox 360 375 401 433; x_wconf 92' lang='lat' dir='ltr'>rei</span> <span class='ocrx_word' id='word_1_22' title='bbox 417 373 751 453; x_wconf 85' lang='lat' dir='ltr'>publicaerelinquerem</span> <span class='ocrx_word' id='word_1_23' title='bbox 767 393 848 433; x_wconf 89' lang='lat' dir='ltr'>meae</span> <span class='ocrx_word' id='word_1_24' title='bbox 864 394 963 453; x_wconf 90' lang='lat' dir='ltr'>perpe·</span> <span class='ocrx_word' id='word_1_25' title='bbox 986 376 989 382; x_wconf 82' lang='lat'>&#39;</span> 
     </span>
     <span class='ocr_line' id='line_1_5' title="bbox 119 455 492 533; baseline -0.008 -18"><span class='ocrx_word' id='word_1_26' title='bbox 119 463 190 515; x_wconf 89' lang='lat' dir='ltr'>tuae</span> <span class='ocrx_word' id='word_1_27' title='bbox 204 473 272 533; x_wconf 90' lang='lat' dir='ltr'>erga</span> <span class='ocrx_word' id='word_1_28' title='bbox 285 475 314 513; x_wconf 86' lang='lat' dir='ltr'>se</span> <span class='ocrx_word' id='word_1_29' title='bbox 329 455 492 513; x_wconf 82' lang='lat' dir='ltr'>voluntatis</span> 
     </span>
    </p>

    <p class='ocr_par' dir='ltr' id='par_1_3' title="bbox 118 533 999 1890">
     <span class='ocr_line' id='line_1_6' title="bbox 165 533 964 613; baseline 0 -21"><span class='ocrx_word' id='word_1_30' title='bbox 165 541 210 593; x_wconf 92' lang='lat' dir='ltr'>ll.</span> <span class='ocrx_word' id='word_1_31' title='bbox 221 535 365 604; x_wconf 82' lang='lat' dir='ltr'><strong>Quoniam</strong></span> <span class='ocrx_word' id='word_1_32' title='bbox 375 534 523 613; x_wconf 89' lang='lat' dir='ltr'>utriusque</span> <span class='ocrx_word' id='word_1_33' title='bbox 533 533 644 592; x_wconf 90' lang='lat' dir='ltr'>consilii</span> <span class='ocrx_word' id='word_1_34' title='bbox 655 553 768 592; x_wconf 91' lang='lat' dir='ltr'>causam</span> <span class='ocrx_word' id='word_1_35' title='bbox 769 540 883 612; x_wconf 85' lang='lat' dir='ltr'>,patres</span> <span class='ocrx_word' id='word_1_36' title='bbox 897 553 964 600; x_wconf 85' lang='lat' dir='ltr'>cou-</span> 
     </span>
     <span class='ocr_line' id='line_1_7' title="bbox 124 613 964 707; baseline -0.002 -33"><span class='ocrx_word' id='word_1_37' title='bbox 124 615 230 692; x_wconf 85' lang='lat' dir='ltr'>scripti,</span> <span class='ocrx_word' id='word_1_38' title='bbox 240 614 391 707; x_wconf 85' lang='lat' dir='ltr'>probatam</span> <span class='ocrx_word' id='word_1_39' title='bbox 402 613 484 672; x_wconf 92' lang='lat' dir='ltr'>vobis</span> <span class='ocrx_word' id='word_1_40' title='bbox 494 633 554 672; x_wconf 91' lang='lat' dir='ltr'>esse</span> <span class='ocrx_word' id='word_1_41' title='bbox 564 613 678 672; x_wconf 86' lang='lat' dir='ltr'>confido</span> <span class='ocrx_word' id='word_1_42' title='bbox 679 613 775 691; x_wconf 87' lang='lat' dir='ltr'>‚prius</span> <span class='ocrx_word' id='word_1_43' title='bbox 786 633 872 693; x_wconf 87' lang='lat' dir='ltr'>quam</span> <span class='ocrx_word' id='word_1_44' title='bbox 883 615 920 672; x_wconf 92' lang='lat' dir='ltr'>de</span> <span class='ocrx_word' id='word_1_45' title='bbox 932 634 964 680; x_wconf 87' lang='lat' dir='ltr'>re</span> 
     </span>
     <span class='ocr_line' id='line_1_8' title="bbox 123 693 964 774; baseline -0.001 -22"><span class='ocrx_word' id='word_1_46' title='bbox 123 695 239 774; x_wconf 89' lang='lat' dir='ltr'>publiea</span> <span class='ocrx_word' id='word_1_47' title='bbox 252 695 370 754; x_wconf 89' lang='lat' dir='ltr'>dicere</span> <span class='ocrx_word' id='word_1_48' title='bbox 362 694 478 772; x_wconf 78' lang='lat' dir='ltr'>incipio,</span> <span class='ocrx_word' id='word_1_49' title='bbox 490 713 582 772; x_wconf 89' lang='lat' dir='ltr'>pauca</span> <span class='ocrx_word' id='word_1_50' title='bbox 595 713 695 772; x_wconf 86' lang='lat' dir='ltr'>querar</span> <span class='ocrx_word' id='word_1_51' title='bbox 708 693 745 751; x_wconf 90' lang='lat' dir='ltr'>dc</span> <span class='ocrx_word' id='word_1_52' title='bbox 758 693 891 759; x_wconf 83' lang='lat' dir='ltr'>hesterna</span> <span class='ocrx_word' id='word_1_53' title='bbox 904 693 964 751; x_wconf 81' lang='lat' dir='ltr'>An-</span> 
     </span>
     <span class='ocr_line' id='line_1_9' title="bbox 123 772 963 850; baseline 0 -18"><span class='ocrx_word' id='word_1_54' title='bbox 123 775 198 832; x_wconf 90' lang='lat' dir='ltr'>tonii</span> <span class='ocrx_word' id='word_1_55' title='bbox 213 775 333 833; x_wconf 89' lang='lat' dir='ltr'>iniuria:</span> <span class='ocrx_word' id='word_1_56' title='bbox 355 775 402 832; x_wconf 90' lang='lat' dir='ltr'>cui</span> <span class='ocrx_word' id='word_1_57' title='bbox 422 793 486 832; x_wconf 90' lang='lat' dir='ltr'>sum</span> <span class='ocrx_word' id='word_1_58' title='bbox 502 774 619 845; x_wconf 89' lang='lat' dir='ltr'>amicus,</span> <span class='ocrx_word' id='word_1_59' title='bbox 634 772 721 850; x_wconf 87' lang='lat' dir='ltr'>idque</span> <span class='ocrx_word' id='word_1_60' title='bbox 741 791 788 831; x_wconf 91' lang='lat' dir='ltr'>me</span> <span class='ocrx_word' id='word_1_61' title='bbox 804 792 862 839; x_wconf 86' lang='lat' dir='ltr'>non</span> <span class='ocrx_word' id='word_1_62' title='bbox 884 773 963 840; x_wconf 89' lang='lat' dir='ltr'>nullo</span> 
     </span>
     <span class='ocr_line' id='line_1_10' title="bbox 124 853 961 932; baseline 0 -20"><span class='ocrx_word' id='word_1_63' title='bbox 124 855 185 913; x_wconf 88' lang='lat' dir='ltr'>eius</span> <span class='ocrx_word' id='word_1_64' title='bbox 209 853 303 912; x_wconf 87' lang='lat' dir='ltr'>officio</span> <span class='ocrx_word' id='word_1_65' title='bbox 325 853 428 912; x_wconf 90' lang='lat' dir='ltr'>debere</span> <span class='ocrx_word' id='word_1_66' title='bbox 450 873 510 912; x_wconf 91' lang='lat' dir='ltr'>esse</span> <span class='ocrx_word' id='word_1_67' title='bbox 530 873 598 932; x_wconf 88' lang='lat' dir='ltr'>prae</span> <span class='ocrx_word' id='word_1_68' title='bbox 618 872 665 911; x_wconf 90' lang='lat' dir='ltr'>me</span> <span class='ocrx_word' id='word_1_69' title='bbox 687 872 799 931; x_wconf 77' lang='lat' dir='ltr'>semper</span> <span class='ocrx_word' id='word_1_70' title='bbox 820 853 881 912; x_wconf 89' lang='lat' dir='ltr'>tuli.</span> <span class='ocrx_word' id='word_1_71' title='bbox 924 853 961 912; x_wconf 92' lang='lat' dir='ltr'>V.</span> 
     </span>
     <span class='ocr_line' id='line_1_11' title="bbox 124 932 963 1012; baseline 0 -21"><span class='ocrx_word' id='word_1_72' title='bbox 124 932 202 1002; x_wconf 78' lang='lat' dir='ltr'>Quid</span> <span class='ocrx_word' id='word_1_73' title='bbox 222 933 339 992; x_wconf 87' lang='lat' dir='ltr'>tandem</span> <span class='ocrx_word' id='word_1_74' title='bbox 360 940 420 991; x_wconf 88' lang='lat' dir='ltr'>erat</span> <span class='ocrx_word' id='word_1_75' title='bbox 436 952 536 991; x_wconf 85' lang='lat' dir='ltr'>causae</span> <span class='ocrx_word' id='word_1_76' title='bbox 557 933 657 991; x_wconf 89' lang='lat' dir='ltr'>curin</span> <span class='ocrx_word' id='word_1_77' title='bbox 678 939 808 992; x_wconf 89' lang='lat' dir='ltr'>senatum</span> <span class='ocrx_word' id='word_1_78' title='bbox 828 932 963 1012; x_wconf 83' lang='lat' dir='ltr'>hesterno</span> 
     </span>
     <span class='ocr_line' id='line_1_12' title="bbox 123 1012 963 1091; baseline -0.001 -20"><span class='ocrx_word' id='word_1_79' title='bbox 123 1014 171 1071; x_wconf 92' lang='lat' dir='ltr'>die</span> <span class='ocrx_word' id='word_1_80' title='bbox 187 1013 517 1091; x_wconf 78' lang='lat' dir='ltr'>tamacerbeeogererl</span> <span class='ocrx_word' id='word_1_81' title='bbox 557 1012 677 1071; x_wconf 81' lang='lat' dir='ltr'>Solusne</span> <span class='ocrx_word' id='word_1_82' title='bbox 694 1012 827 1072; x_wconf 82' lang='lat' dir='ltr'>aberaml</span> <span class='ocrx_word' id='word_1_83' title='bbox 846 1032 883 1070; x_wconf 89' lang='lat' dir='ltr'>an</span> <span class='ocrx_word' id='word_1_84' title='bbox 904 1027 963 1071; x_wconf 91' lang='lat' dir='ltr'>non</span> 
     </span>
     <span class='ocr_line' id='line_1_13' title="bbox 118 1092 965 1171; baseline -0.001 -20"><span class='ocrx_word' id='word_1_85' title='bbox 118 1112 207 1170; x_wconf 86' lang='lat' dir='ltr'>saepe</span> <span class='ocrx_word' id='word_1_86' title='bbox 223 1093 319 1151; x_wconf 89' lang='lat' dir='ltr'>minus</span> <span class='ocrx_word' id='word_1_87' title='bbox 335 1093 500 1171; x_wconf 80' lang='lat' dir='ltr'>frequentes</span> <span class='ocrx_word' id='word_1_88' title='bbox 514 1092 630 1151; x_wconf 83' lang='lat' dir='ltr'>fuistisl</span> <span class='ocrx_word' id='word_1_89' title='bbox 650 1112 686 1151; x_wconf 87' lang='lat' dir='ltr'>an</span> <span class='ocrx_word' id='word_1_90' title='bbox 703 1112 737 1151; x_wconf 90' lang='lat' dir='ltr'>ea</span> <span class='ocrx_word' id='word_1_91' title='bbox 752 1112 796 1150; x_wconf 89' lang='lat' dir='ltr'>res</span> <span class='ocrx_word' id='word_1_92' title='bbox 816 1092 965 1170; x_wconf 67' lang='lat' dir='ltr'>agebatun&#39;</span> 
     </span>
     <span class='ocr_line' id='line_1_14' title="bbox 123 1172 964 1250; baseline 0 -19"><span class='ocrx_word' id='word_1_93' title='bbox 123 1181 158 1231; x_wconf 92' lang='lat' dir='ltr'>ut</span> <span class='ocrx_word' id='word_1_94' title='bbox 173 1173 259 1232; x_wconf 86' lang='lat' dir='ltr'>etiam</span> <span class='ocrx_word' id='word_1_95' title='bbox 275 1180 407 1250; x_wconf 90' lang='lat' dir='ltr'>aegrotos</span> <span class='ocrx_word' id='word_1_96' title='bbox 423 1173 527 1231; x_wconf 82' lang='lat' dir='ltr'>deferri</span> <span class='ocrx_word' id='word_1_97' title='bbox 545 1173 707 1250; x_wconf 83' lang='lat' dir='ltr'>oporteretl</span> <span class='ocrx_word' id='word_1_98' title='bbox 740 1172 895 1245; x_wconf 81' lang='lat' dir='ltr'>Hannibal,</span> <span class='ocrx_word' id='word_1_99' title='bbox 907 1192 964 1231; x_wconf 75' lang='lat' dir='ltr'>orc-</span> 
     </span>
     <span class='ocr_line' id='line_1_15' title="bbox 124 1251 999 1330; baseline 0 -19"><span class='ocrx_word' id='word_1_100' title='bbox 124 1253 171 1325; x_wconf 88' lang='lat' dir='ltr'>do,</span> <span class='ocrx_word' id='word_1_101' title='bbox 183 1259 243 1311; x_wconf 89' lang='lat' dir='ltr'>erat</span> <span class='ocrx_word' id='word_1_102' title='bbox 259 1253 296 1310; x_wconf 92' lang='lat' dir='ltr'>ad</span> <span class='ocrx_word' id='word_1_103' title='bbox 312 1260 410 1330; x_wconf 88' lang='lat' dir='ltr'>portas</span> <span class='ocrx_word' id='word_1_104' title='bbox 426 1259 476 1310; x_wconf 91' lang='lat' dir='ltr'>aut</span> <span class='ocrx_word' id='word_1_105' title='bbox 489 1252 525 1310; x_wconf 92' lang='lat' dir='ltr'>de</span> <span class='ocrx_word' id='word_1_106' title='bbox 542 1251 647 1330; x_wconf 82' lang='lat' dir='ltr'>Pyrrhi</span> <span class='ocrx_word' id='word_1_107' title='bbox 663 1271 734 1330; x_wconf 87' lang='lat' dir='ltr'>pace</span> <span class='ocrx_word' id='word_1_108' title='bbox 749 1252 905 1330; x_wconf 76' lang='lat' dir='ltr'>agebatur:</span> <span class='ocrx_word' id='word_1_109' title='bbox 926 1252 964 1311; x_wconf 89' lang='lat' dir='ltr'>ad</span> <span class='ocrx_word' id='word_1_110' title='bbox 995 1255 999 1264; x_wconf 83' lang='grc'><em>’</em></span> 
     </span>
     <span class='ocr_line' id='line_1_16' title="bbox 118 1331 964 1410; baseline 0 -20"><span class='ocrx_word' id='word_1_111' title='bbox 118 1351 209 1410; x_wconf 81' lang='lat' dir='ltr'>quam</span> <span class='ocrx_word' id='word_1_112' title='bbox 234 1351 348 1390; x_wconf 87' lang='lat' dir='ltr'>causam</span> <span class='ocrx_word' id='word_1_113' title='bbox 373 1333 460 1391; x_wconf 87' lang='lat' dir='ltr'>etiam</span> <span class='ocrx_word' id='word_1_114' title='bbox 484 1332 615 1410; x_wconf 83' lang='lat' dir='ltr'>Appium</span> <span class='ocrx_word' id='word_1_115' title='bbox 639 1331 721 1390; x_wconf 89' lang='lat' dir='ltr'>illum</span> <span class='ocrx_word' id='word_1_116' title='bbox 745 1340 775 1390; x_wconf 88' lang='lat' dir='ltr'>et</span> <span class='ocrx_word' id='word_1_117' title='bbox 796 1351 911 1390; x_wconf 88' lang='lat' dir='ltr'>caecum</span> <span class='ocrx_word' id='word_1_118' title='bbox 934 1339 964 1390; x_wconf 92' lang='lat' dir='ltr'>et</span> 
     </span>
     <span class='ocr_line' id='line_1_17' title="bbox 119 1411 961 1489; baseline 0.002 -19"><span class='ocrx_word' id='word_1_119' title='bbox 119 1432 221 1470; x_wconf 89' lang='lat' dir='ltr'>senem</span> <span class='ocrx_word' id='word_1_120' title='bbox 243 1413 370 1470; x_wconf 88' lang='lat' dir='ltr'>delatum</span> <span class='ocrx_word' id='word_1_121' title='bbox 392 1432 452 1471; x_wconf 89' lang='lat' dir='ltr'>esse</span> <span class='ocrx_word' id='word_1_122' title='bbox 474 1412 629 1470; x_wconf 84' lang='lat' dir='ltr'>memoriae</span> <span class='ocrx_word' id='word_1_123' title='bbox 651 1411 799 1489; x_wconf 88' lang='lat' dir='ltr'>proditum</span> <span class='ocrx_word' id='word_1_124' title='bbox 821 1418 871 1471; x_wconf 90' lang='lat' dir='ltr'>est</span> <span class='ocrx_word' id='word_1_125' title='bbox 915 1417 961 1472; x_wconf 41' lang='lat'>121.</span> 
     </span>
     <span class='ocr_line' id='line_1_18' title="bbox 123 1491 964 1571; baseline 0 -21"><span class='ocrx_word' id='word_1_126' title='bbox 123 1492 170 1550; x_wconf 93' lang='lat' dir='ltr'>De</span> <span class='ocrx_word' id='word_1_127' title='bbox 187 1492 443 1571; x_wconf 76' lang='lat' dir='ltr'>supplicationibus</span> <span class='ocrx_word' id='word_1_128' title='bbox 459 1491 651 1558; x_wconf 80' lang='lat' dir='ltr'>referebatur:</span> <span class='ocrx_word' id='word_1_129' title='bbox 674 1511 731 1569; x_wconf 92' lang='lat' dir='ltr'>quo</span> <span class='ocrx_word' id='word_1_130' title='bbox 751 1492 782 1549; x_wconf 93' lang='lat' dir='ltr'>in</span> <span class='ocrx_word' id='word_1_131' title='bbox 802 1511 906 1569; x_wconf 84' lang='lat' dir='ltr'>genere</span> <span class='ocrx_word' id='word_1_132' title='bbox 923 1511 964 1558; x_wconf 64' lang='lat' dir='ltr'>se,-</span> 
     </span>
     <span class='ocr_line' id='line_1_19' title="bbox 123 1571 964 1650; baseline -0.001 -20"><span class='ocrx_word' id='word_1_133' title='bbox 123 1579 237 1631; x_wconf 89' lang='lat' dir='ltr'>natores</span> <span class='ocrx_word' id='word_1_134' title='bbox 251 1573 348 1631; x_wconf 79' lang='lat' dir='ltr'>deesse</span> <span class='ocrx_word' id='word_1_135' title='bbox 362 1591 420 1630; x_wconf 93' lang='lat' dir='ltr'>non</span> <span class='ocrx_word' id='word_1_136' title='bbox 435 1571 535 1630; x_wconf 83' lang='lat' dir='ltr'>solent</span> <span class='ocrx_word' id='word_1_137' title='bbox 574 1571 726 1649; x_wconf 81' lang='lat' dir='ltr'>Coguntur</span> <span class='ocrx_word' id='word_1_138' title='bbox 739 1571 816 1630; x_wconf 91' lang='lat' dir='ltr'>euim</span> <span class='ocrx_word' id='word_1_139' title='bbox 830 1591 889 1630; x_wconf 94' lang='lat' dir='ltr'>non</span> <span class='ocrx_word' id='word_1_140' title='bbox 902 1572 964 1650; x_wconf 90' lang='lat' dir='ltr'>pig·</span> 
     </span>
     <span class='ocr_line' id='line_1_20' title="bbox 119 1652 962 1730; baseline 0 -20"><span class='ocrx_word' id='word_1_141' title='bbox 119 1652 249 1724; x_wconf 85' lang='lat' dir='ltr'>neribus,</span> <span class='ocrx_word' id='word_1_142' title='bbox 262 1653 312 1710; x_wconf 89' lang='lat' dir='ltr'>sed</span> <span class='ocrx_word' id='word_1_143' title='bbox 323 1671 430 1724; x_wconf 87' lang='lat' dir='ltr'>eorum,</span> <span class='ocrx_word' id='word_1_144' title='bbox 442 1652 478 1710; x_wconf 89' lang='lat' dir='ltr'>de</span> <span class='ocrx_word' id='word_1_145' title='bbox 490 1671 611 1729; x_wconf 90' lang='lat' dir='ltr'>quorum</span> <span class='ocrx_word' id='word_1_146' title='bbox 626 1652 734 1710; x_wconf 89' lang='lat' dir='ltr'>honore</span> <span class='ocrx_word' id='word_1_147' title='bbox 748 1652 851 1730; x_wconf 87' lang='lat' dir='ltr'>agitur,</span> <span class='ocrx_word' id='word_1_148' title='bbox 863 1652 962 1730; x_wconf 81' lang='lat' dir='ltr'>gratia,</span> 
     </span>
     <span class='ocr_line' id='line_1_21' title="bbox 124 1730 964 1811; baseline 0 -21"><span class='ocrx_word' id='word_1_149' title='bbox 124 1733 203 1811; x_wconf 91' lang='lat' dir='ltr'>quod</span> <span class='ocrx_word' id='word_1_150' title='bbox 218 1732 296 1790; x_wconf 92' lang='lat' dir='ltr'>idem</span> <span class='ocrx_word' id='word_1_151' title='bbox 313 1731 354 1804; x_wconf 76' lang='lat' dir='ltr'>fit,</span> <span class='ocrx_word' id='word_1_152' title='bbox 366 1751 432 1790; x_wconf 92' lang='lat' dir='ltr'>cnm</span> <span class='ocrx_word' id='word_1_153' title='bbox 449 1731 485 1790; x_wconf 92' lang='lat' dir='ltr'>de</span> <span class='ocrx_word' id='word_1_154' title='bbox 501 1730 649 1809; x_wconf 88' lang='lat' dir='ltr'>triumpho</span> <span class='ocrx_word' id='word_1_155' title='bbox 670 1732 799 1790; x_wconf 84' lang='lat' dir='ltr'>refertur.</span> <span class='ocrx_word' id='word_1_156' title='bbox 842 1731 888 1790; x_wconf 88' lang='lat' dir='ltr'>Ita</span> <span class='ocrx_word' id='word_1_157' title='bbox 903 1733 964 1790; x_wconf 89' lang='lat' dir='ltr'>sine</span> 
     </span>
     <span class='ocr_line' id='line_1_22' title="bbox 123 1811 964 1890; baseline 0 -20"><span class='ocrx_word' id='word_1_158' title='bbox 123 1831 191 1870; x_wconf 90' lang='lat' dir='ltr'>cura</span> <span class='ocrx_word' id='word_1_159' title='bbox 200 1811 330 1870; x_wconf 89' lang='lat' dir='ltr'>eonsules</span> <span class='ocrx_word' id='word_1_160' title='bbox 343 1818 418 1883; x_wconf 74' lang='lat' dir='ltr'>sunt,</span> <span class='ocrx_word' id='word_1_161' title='bbox 430 1818 463 1869; x_wconf 87' lang='grc' dir='ltr'>ιιι</span> <span class='ocrx_word' id='word_1_162' title='bbox 477 1831 567 1890; x_wconf 88' lang='lat' dir='ltr'>paene</span> <span class='ocrx_word' id='word_1_163' title='bbox 580 1811 702 1870; x_wconf 90' lang='lat' dir='ltr'>liberum</span> <span class='ocrx_word' id='word_1_164' title='bbox 716 1812 754 1870; x_wconf 91' lang='lat' dir='ltr'>sit</span> <span class='ocrx_word' id='word_1_165' title='bbox 768 1812 892 1870; x_wconf 90' lang='lat' dir='ltr'>senatori</span> <span class='ocrx_word' id='word_1_166' title='bbox 905 1831 964 1870; x_wconf 89' lang='lat' dir='ltr'>non</span> 
     </span>
    </p>
   </div>
   <div class='ocr_carea' id='block_1_3' title="bbox 123 1891 1112 1971">
    <p class='ocr_par' dir='ltr' id='par_1_4' title="bbox 123 1891 1112 1971">
     <span class='ocr_line' id='line_1_23' title="bbox 123 1891 1112 1971; baseline 0.002 -21"><span class='ocrx_word' id='word_1_167' title='bbox 123 1893 229 1950; x_wconf 87' lang='lat' dir='ltr'>adesse</span> <span class='ocrx_word' id='word_1_168' title='bbox 272 1891 330 1961; x_wconf 81' lang='lat' dir='ltr'>Qui</span> <span class='ocrx_word' id='word_1_169' title='bbox 349 1910 413 1950; x_wconf 89' lang='lat' dir='ltr'>cum</span> <span class='ocrx_word' id='word_1_170' title='bbox 433 1892 506 1950; x_wconf 89' lang='lat' dir='ltr'>mihi</span> <span class='ocrx_word' id='word_1_171' title='bbox 525 1911 590 1949; x_wconf 89' lang='lat' dir='ltr'>mos</span> <span class='ocrx_word' id='word_1_172' title='bbox 610 1899 696 1950; x_wconf 89' lang='lat' dir='ltr'>notus</span> <span class='ocrx_word' id='word_1_173' title='bbox 714 1899 789 1950; x_wconf 90' lang='lat' dir='ltr'>esset</span> <span class='ocrx_word' id='word_1_174' title='bbox 807 1911 965 1971; x_wconf 84' lang='lat' dir='ltr'>eumquee</span> <span class='ocrx_word' id='word_1_175' title='bbox 995 1914 997 1919; x_wconf 94' lang='lat'>·</span> <span class='ocrx_word' id='word_1_176' title='bbox 1023 1933 1026 1938; x_wconf 85' lang='lat'>·</span> <span class='ocrx_word' id='word_1_177' title='bbox 1110 1915 1112 1920; x_wconf 86' lang='lat'><em>·</em></span> 
     </span>
    </p>
   </div>
   <div class='ocr_carea' id='block_1_4' title="bbox 118 1971 967 2930">
    <p class='ocr_par' dir='ltr' id='par_1_5' title="bbox 118 1971 967 2930">
     <span class='ocr_line' id='line_1_24' title="bbox 123 1971 966 2050; baseline 0 -20"><span class='ocrx_word' id='word_1_178' title='bbox 123 1973 170 2030; x_wconf 87' lang='lat' dir='ltr'>via</span> <span class='ocrx_word' id='word_1_179' title='bbox 183 1972 347 2050; x_wconf 88' lang='lat' dir='ltr'>languerem</span> <span class='ocrx_word' id='word_1_180' title='bbox 361 1979 391 2030; x_wconf 91' lang='lat' dir='ltr'>et</span> <span class='ocrx_word' id='word_1_181' title='bbox 404 1971 538 2030; x_wconf 87' lang='lat' dir='ltr'>mihimet</span> <span class='ocrx_word' id='word_1_182' title='bbox 548 1971 737 2048; x_wconf 77' lang='lat' dir='ltr'>displicerem,</span> <span class='ocrx_word' id='word_1_183' title='bbox 749 1972 815 2030; x_wconf 89' lang='lat' dir='ltr'>misi</span> <span class='ocrx_word' id='word_1_184' title='bbox 828 1992 882 2050; x_wconf 93' lang='lat' dir='ltr'>pro</span> <span class='ocrx_word' id='word_1_185' title='bbox 896 1973 966 2030; x_wconf 92' lang='lat' dir='ltr'>ami·</span> 
     </span>
     <span class='ocr_line' id='line_1_25' title="bbox 123 2051 966 2131; baseline 0 -21"><span class='ocrx_word' id='word_1_186' title='bbox 123 2053 192 2110; x_wconf 88' lang='lat' dir='ltr'>citia</span> <span class='ocrx_word' id='word_1_187' title='bbox 208 2053 258 2131; x_wconf 89' lang='lat' dir='ltr'>qui</span> <span class='ocrx_word' id='word_1_188' title='bbox 278 2053 333 2111; x_wconf 90' lang='lat' dir='ltr'>hoc</span> <span class='ocrx_word' id='word_1_189' title='bbox 350 2052 377 2111; x_wconf 91' lang='lat' dir='ltr'>ei</span> <span class='ocrx_word' id='word_1_190' title='bbox 397 2053 512 2111; x_wconf 90' lang='lat' dir='ltr'>diceret</span> <span class='ocrx_word' id='word_1_191' title='bbox 554 2052 597 2110; x_wconf 92' lang='lat' dir='ltr'>At</span> <span class='ocrx_word' id='word_1_192' title='bbox 616 2051 664 2110; x_wconf 93' lang='lat' dir='ltr'>ille</span> <span class='ocrx_word' id='word_1_193' title='bbox 681 2052 762 2111; x_wconf 87' lang='lat' dir='ltr'>vobis</span> <span class='ocrx_word' id='word_1_194' title='bbox 783 2053 966 2112; x_wconf 88' lang='lat' dir='ltr'>audientibus</span> 
     </span>
     <span class='ocr_line' id='line_1_26' title="bbox 123 2132 963 2192; baseline 0.002 -2"><span class='ocrx_word' id='word_1_195' title='bbox 123 2153 189 2190; x_wconf 92' lang='lat' dir='ltr'>cum</span> <span class='ocrx_word' id='word_1_196' title='bbox 210 2133 300 2191; x_wconf 82' lang='lat' dir='ltr'>fabris</span> <span class='ocrx_word' id='word_1_197' title='bbox 321 2153 351 2192; x_wconf 86' lang='lat' dir='ltr'>se</span> <span class='ocrx_word' id='word_1_198' title='bbox 371 2133 491 2191; x_wconf 92' lang='lat' dir='ltr'>domum</span> <span class='ocrx_word' id='word_1_199' title='bbox 513 2151 607 2190; x_wconf 88' lang='lat' dir='ltr'>meam</span> <span class='ocrx_word' id='word_1_200' title='bbox 627 2139 779 2190; x_wconf 90' lang='lat' dir='ltr'>venturum</span> <span class='ocrx_word' id='word_1_201' title='bbox 801 2152 861 2191; x_wconf 92' lang='lat' dir='ltr'>esse</span> <span class='ocrx_word' id='word_1_202' title='bbox 882 2132 963 2192; x_wconf 81' lang='lat' dir='ltr'>dixit</span> 
     </span>
     <span class='ocr_line' id='line_1_27' title="bbox 124 2212 963 2292; baseline 0.002 -22"><span class='ocrx_word' id='word_1_203' title='bbox 124 2213 220 2270; x_wconf 91' lang='lat' dir='ltr'>Nimis</span> <span class='ocrx_word' id='word_1_204' title='bbox 236 2213 371 2272; x_wconf 79' lang='lat' dir='ltr'>iracunde</span> <span class='ocrx_word' id='word_1_205' title='bbox 387 2214 443 2271; x_wconf 92' lang='lat' dir='ltr'>hoc</span> <span class='ocrx_word' id='word_1_206' title='bbox 457 2212 575 2292; x_wconf 88' lang='lat' dir='ltr'>quidem</span> <span class='ocrx_word' id='word_1_207' title='bbox 592 2219 621 2270; x_wconf 90' lang='lat' dir='ltr'>et</span> <span class='ocrx_word' id='word_1_208' title='bbox 634 2212 716 2270; x_wconf 86' lang='lat' dir='ltr'>valde</span> <span class='ocrx_word' id='word_1_209' title='bbox 733 2213 963 2290; x_wconf 86' lang='lat' dir='ltr'>intemperanter.</span> 
     </span>
     <span class='ocr_line' id='line_1_28' title="bbox 123 2292 966 2370; baseline 0.001 -20"><span class='ocrx_word' id='word_1_210' title='bbox 123 2292 214 2351; x_wconf 83' lang='lat' dir='ltr'>Cuius</span> <span class='ocrx_word' id='word_1_211' title='bbox 230 2294 307 2350; x_wconf 92' lang='lat' dir='ltr'>euim</span> <span class='ocrx_word' id='word_1_212' title='bbox 329 2293 460 2352; x_wconf 88' lang='lat' dir='ltr'>maleficii</span> <span class='ocrx_word' id='word_1_213' title='bbox 476 2300 558 2352; x_wconf 87' lang='lat' dir='ltr'>tanta</span> <span class='ocrx_word' id='word_1_214' title='bbox 573 2293 628 2351; x_wconf 88' lang='lat' dir='ltr'>ista</span> <span class='ocrx_word' id='word_1_215' title='bbox 648 2312 742 2370; x_wconf 87' lang='lat' dir='ltr'>poena</span> <span class='ocrx_word' id='word_1_216' title='bbox 757 2299 853 2365; x_wconf 78' lang='lat' dir='ltr'>estut</span> <span class='ocrx_word' id='word_1_217' title='bbox 870 2293 966 2351; x_wconf 89' lang='lat' dir='ltr'>dicere</span> 
     </span>
     <span class='ocr_line' id='line_1_29' title="bbox 123 2372 967 2451; baseline 0.005 -21"><span class='ocrx_word' id='word_1_218' title='bbox 123 2373 154 2430; x_wconf 93' lang='lat' dir='ltr'>in</span> <span class='ocrx_word' id='word_1_219' title='bbox 178 2372 234 2430; x_wconf 94' lang='lat' dir='ltr'>hoc</span> <span class='ocrx_word' id='word_1_220' title='bbox 255 2373 355 2431; x_wconf 90' lang='lat' dir='ltr'>ordine</span> <span class='ocrx_word' id='word_1_221' title='bbox 376 2373 493 2431; x_wconf 85' lang='lat' dir='ltr'>auderet</span> <span class='ocrx_word' id='word_1_222' title='bbox 513 2392 543 2431; x_wconf 89' lang='lat' dir='ltr'>se</span> <span class='ocrx_word' id='word_1_223' title='bbox 567 2373 690 2451; x_wconf 89' lang='lat' dir='ltr'>publicis</span> <span class='ocrx_word' id='word_1_224' title='bbox 706 2373 806 2451; x_wconf 90' lang='lat' dir='ltr'>operis</span> <span class='ocrx_word' id='word_1_225' title='bbox 826 2372 967 2434; x_wconf 88' lang='lat' dir='ltr'>disturba-</span> 
     </span>
     <span class='ocr_line' id='line_1_30' title="bbox 123 2453 967 2530; baseline 0.002 -20"><span class='ocrx_word' id='word_1_226' title='bbox 123 2458 220 2510; x_wconf 87' lang='lat' dir='ltr'>turum</span> <span class='ocrx_word' id='word_1_227' title='bbox 241 2453 355 2530; x_wconf 88' lang='lat' dir='ltr'>publice</span> <span class='ocrx_word' id='word_1_228' title='bbox 372 2472 407 2510; x_wconf 88' lang='lat' dir='ltr'>ex</span> <span class='ocrx_word' id='word_1_229' title='bbox 424 2461 539 2511; x_wconf 87' lang='lat' dir='ltr'>senatus</span> <span class='ocrx_word' id='word_1_230' title='bbox 559 2453 702 2511; x_wconf 87' lang='lat' dir='ltr'>sententia</span> <span class='ocrx_word' id='word_1_231' title='bbox 718 2453 967 2516; x_wconf 80' lang='lat' dir='ltr'>aedificatamdo-</span> 
     </span>
     <span class='ocr_line' id='line_1_31' title="bbox 123 2531 967 2612; baseline 0.001 -23"><span class='ocrx_word' id='word_1_232' title='bbox 123 2533 223 2591; x_wconf 77' lang='lat' dir='ltr'>muml</span> <span class='ocrx_word' id='word_1_233' title='bbox 263 2531 335 2601; x_wconf 82' lang='lat' dir='ltr'>Quis</span> <span class='ocrx_word' id='word_1_234' title='bbox 355 2540 451 2590; x_wconf 91' lang='lat' dir='ltr'>antem</span> <span class='ocrx_word' id='word_1_235' title='bbox 472 2552 609 2612; x_wconf 90' lang='lat' dir='ltr'>umquam</span> <span class='ocrx_word' id='word_1_236' title='bbox 626 2539 708 2591; x_wconf 90' lang='lat' dir='ltr'>tanto</span> <span class='ocrx_word' id='word_1_237' title='bbox 729 2533 835 2592; x_wconf 84' lang='lat' dir='ltr'>damno</span> <span class='ocrx_word' id='word_1_238' title='bbox 856 2541 967 2596; x_wconf 78' lang='lat' dir='ltr'>senato</span> 
     </span>
     <span class='ocr_line' id='line_1_32' title="bbox 118 2612 967 2691; baseline 0.004 -23"><span class='ocrx_word' id='word_1_239' title='bbox 118 2631 185 2669; x_wconf 83' lang='lat' dir='ltr'>-rem</span> <span class='ocrx_word' id='word_1_240' title='bbox 202 2612 318 2689; x_wconf 67' lang='lat' dir='ltr'>coegit?</span> <span class='ocrx_word' id='word_1_241' title='bbox 338 2619 388 2670; x_wconf 89' lang='lat' dir='ltr'>aut</span> <span class='ocrx_word' id='word_1_242' title='bbox 402 2613 474 2690; x_wconf 92' lang='lat' dir='ltr'>quid</span> <span class='ocrx_word' id='word_1_243' title='bbox 490 2621 533 2670; x_wconf 89' lang='lat' dir='ltr'>est</span> <span class='ocrx_word' id='word_1_244' title='bbox 549 2613 592 2670; x_wconf 87' lang='lat' dir='ltr'>ult</span> <span class='ocrx_word' id='word_1_245' title='bbox 580 2620 625 2670; x_wconf 87' lang='lat' dir='ltr'>tra</span> <span class='ocrx_word' id='word_1_246' title='bbox 639 2612 746 2691; x_wconf 91' lang='lat' dir='ltr'>pignus</span> <span class='ocrx_word' id='word_1_247' title='bbox 762 2621 813 2671; x_wconf 86' lang='lat' dir='ltr'>aut</span> <span class='ocrx_word' id='word_1_248' title='bbox 825 2614 967 2672; x_wconf 84' lang='lat' dir='ltr'>multaml</span> 
     </span>
     <span class='ocr_line' id='line_1_33' title="bbox 124 2691 967 2770; baseline 0.002 -22"><span class='ocrx_word' id='word_1_249' title='bbox 124 2691 248 2760; x_wconf 78' lang='lat' dir='ltr'>Quod</span> <span class='ocrx_word' id='word_1_250' title='bbox 227 2711 251 2749; x_wconf 92' lang='lat' dir='ltr'>s1</span> <span class='ocrx_word' id='word_1_251' title='bbox 268 2691 367 2750; x_wconf 85' lang='lat' dir='ltr'>scisset</span> <span class='ocrx_word' id='word_1_252' title='bbox 381 2712 467 2770; x_wconf 89' lang='lat' dir='ltr'>quam</span> <span class='ocrx_word' id='word_1_253' title='bbox 484 2693 654 2751; x_wconf 90' lang='lat' dir='ltr'>sententiam</span> <span class='ocrx_word' id='word_1_254' title='bbox 669 2694 798 2752; x_wconf 89' lang='lat' dir='ltr'>dicturus</span> <span class='ocrx_word' id='word_1_255' title='bbox 814 2713 913 2764; x_wconf 87' lang='lat' dir='ltr'>essem,</span> <span class='ocrx_word' id='word_1_256' title='bbox 925 2712 967 2750; x_wconf 90' lang='lat' dir='ltr'>re-</span> 
     </span>
     <span class='ocr_line' id='line_1_34' title="bbox 124 2770 964 2850; baseline 0.005 -23"><span class='ocrx_word' id='word_1_257' title='bbox 124 2770 249 2828; x_wconf 90' lang='lat' dir='ltr'>misisset</span> <span class='ocrx_word' id='word_1_258' title='bbox 263 2770 371 2848; x_wconf 81' lang='lat' dir='ltr'>aliquid</span> <span class='ocrx_word' id='word_1_259' title='bbox 387 2773 519 2848; x_wconf 84' lang='lat' dir='ltr'>profecto</span> <span class='ocrx_word' id='word_1_260' title='bbox 533 2773 569 2832; x_wconf 90' lang='lat' dir='ltr'>de</span> <span class='ocrx_word' id='word_1_261' title='bbox 584 2773 732 2831; x_wconf 87' lang='lat' dir='ltr'>severitate</span> <span class='ocrx_word' id='word_1_262' title='bbox 746 2773 875 2850; x_wconf 88' lang='lat' dir='ltr'>cogendi.</span> <span class='ocrx_word' id='word_1_263' title='bbox 912 2772 964 2831; x_wconf 86' lang='lat' dir='ltr'>VL</span> 
     </span>
     <span class='ocr_line' id='line_1_35' title="bbox 127 2847 967 2930; baseline 0.005 -24"><span class='ocrx_word' id='word_1_264' title='bbox 127 2855 172 2908; x_wconf 87' lang='lat'>13.</span> <span class='ocrx_word' id='word_1_265' title='bbox 185 2847 247 2907; x_wconf 90' lang='grc' dir='ltr'>Αιι</span> <span class='ocrx_word' id='word_1_266' title='bbox 250 2870 299 2908; x_wconf 89' lang='lat' dir='ltr'>me</span> <span class='ocrx_word' id='word_1_267' title='bbox 311 2852 440 2930; x_wconf 88' lang='lat' dir='ltr'>censetis,</span> <span class='ocrx_word' id='word_1_268' title='bbox 452 2859 547 2929; x_wconf 85' lang='lat' dir='ltr'>patres</span> <span class='ocrx_word' id='word_1_269' title='bbox 563 2853 726 2930; x_wconf 65' lang='lat' dir='ltr'>conscripti}</span> <span class='ocrx_word' id='word_1_270' title='bbox 737 2853 815 2929; x_wconf 92' lang='lat' dir='ltr'>quod</span> <span class='ocrx_word' id='word_1_271' title='bbox 830 2872 880 2910; x_wconf 86' lang='lat' dir='ltr'>vos</span> <span class='ocrx_word' id='word_1_272' title='bbox 895 2852 967 2910; x_wconf 88' lang='lat' dir='ltr'>invi-</span> 
     </span>
    </p>
   </div>
   <div class='ocr_carea' id='block_1_5' title="bbox 13 2919 966 3009">
    <p class='ocr_par' dir='ltr' id='par_1_6' title="bbox 13 2919 966 3009">
     <span class='ocr_line' id='line_1_36' title="bbox 13 2919 966 3009; baseline 0.002 -23"><span class='ocrx_word' id='word_1_273' title='bbox 13 2960 16 2968; x_wconf 89' lang='lat'>·</span> <span class='ocrx_word' id='word_1_274' title='bbox 125 2929 149 2987; x_wconf 90' lang='lat' dir='ltr'>ti</span> <span class='ocrx_word' id='word_1_275' title='bbox 170 2930 260 2987; x_wconf 88' lang='lat' dir='ltr'>secuti</span> <span class='ocrx_word' id='word_1_276' title='bbox 281 2930 356 3001; x_wconf 88' lang='lat' dir='ltr'>estis,</span> <span class='ocrx_word' id='word_1_277' title='bbox 369 2919 548 2988; x_wconf 89' lang='lat' dir='ltr'>decreturum</span> <span class='ocrx_word' id='word_1_278' title='bbox 565 2931 707 3002; x_wconf 68' lang='lat' dir='ltr'>fuisset</span> <span class='ocrx_word' id='word_1_279' title='bbox 674 2939 707 2988; x_wconf 90' lang='lat' dir='ltr'>ut</span> <span class='ocrx_word' id='word_1_280' title='bbox 727 2931 884 3009; x_wconf 85' lang='lat' dir='ltr'>parentalia</span> <span class='ocrx_word' id='word_1_281' title='bbox 899 2951 966 2990; x_wconf 89' lang='lat' dir='ltr'>cum</span> 
     </span>
    </p>
   </div>
   <div class='ocr_carea' id='block_1_6' title="bbox 126 3008 968 3254">
    <p class='ocr_par' dir='ltr' id='par_1_7' title="bbox 126 3008 968 3248">
     <span class='ocr_line' id='line_1_37' title="bbox 126 3008 967 3089; baseline 0.006 -25"><span class='ocrx_word' id='word_1_282' title='bbox 126 3008 383 3087; x_wconf 87' lang='lat' dir='ltr'>supplicationibus</span> <span class='ocrx_word' id='word_1_283' title='bbox 399 3009 603 3068; x_wconf 84' lang='lat' dir='ltr'>miscerenturl</span> <span class='ocrx_word' id='word_1_284' title='bbox 623 3018 656 3068; x_wconf 89' lang='grc' dir='ltr'>ιιι</span> <span class='ocrx_word' id='word_1_285' title='bbox 672 3011 858 3089; x_wconf 85' lang='lat' dir='ltr'>inexpiabiles</span> <span class='ocrx_word' id='word_1_286' title='bbox 874 3011 967 3089; x_wconf 88' lang='lat' dir='ltr'>religi-</span> 
     </span>
     <span class='ocr_line' id='line_1_38' title="bbox 127 3088 968 3166; baseline 0.005 -22"><span class='ocrx_word' id='word_1_287' title='bbox 127 3107 196 3145; x_wconf 91' lang='lat' dir='ltr'>ones</span> <span class='ocrx_word' id='word_1_288' title='bbox 212 3089 242 3147; x_wconf 91' lang='lat' dir='ltr'>in</span> <span class='ocrx_word' id='word_1_289' title='bbox 259 3108 319 3146; x_wconf 90' lang='lat' dir='ltr'>rem</span> <span class='ocrx_word' id='word_1_290' title='bbox 336 3088 480 3166; x_wconf 90' lang='lat' dir='ltr'>publicam</span> <span class='ocrx_word' id='word_1_291' title='bbox 497 3088 583 3147; x_wconf 76' lang='lat' dir='ltr'>indue</span> <span class='ocrx_word' id='word_1_292' title='bbox 574 3091 718 3147; x_wconf 82' lang='lat' dir='ltr'>erenturl</span> <span class='ocrx_word' id='word_1_293' title='bbox 738 3097 772 3148; x_wconf 87' lang='lat' dir='ltr'>ut</span> <span class='ocrx_word' id='word_1_294' title='bbox 785 3091 968 3148; x_wconf 89' lang='lat' dir='ltr'>decemeren-</span> 
     </span>
     <span class='ocr_line' id='line_1_39' title="bbox 127 3168 967 3254; baseline 0.006 -30"><span class='ocrx_word' id='word_1_295' title='bbox 127 3173 189 3224; x_wconf 88' lang='lat' dir='ltr'>tur.</span> <span class='ocrx_word' id='word_1_296' title='bbox 196 3168 418 3248; x_wconf 72' lang='lat' dir='ltr'>supplicationes</span> <span class='ocrx_word' id='word_1_297' title='bbox 439 3169 573 3226; x_wconf 83' lang='lat' dir='ltr'>mortuol</span> <span class='ocrx_word' id='word_1_298' title='bbox 563 3168 665 3226; x_wconf 90' lang='lat' dir='ltr'>lnihil</span> <span class='ocrx_word' id='word_1_299' title='bbox 686 3169 751 3233; x_wconf 86' lang='lat' dir='ltr'>dico</span> <span class='ocrx_word' id='word_1_300' title='bbox 772 3169 827 3228; x_wconf 90' lang='lat' dir='ltr'>cui.</span> <span class='ocrx_word' id='word_1_301' title='bbox 869 3170 967 3254; x_wconf 88' lang='lat' dir='ltr'>Fuerit</span> 
     </span>
    </p>
   </div>
   <div class='ocr_carea' id='block_1_7' title="bbox 0 0 1127 3418">
    <p class='ocr_par' dir='ltr' id='par_1_8' title="bbox 0 0 1127 3418">
     <span class='ocr_line' id='line_1_40' title="bbox 0 0 1127 3418; baseline 0 0"><span class='ocrx_word' id='word_1_302' title='bbox 0 0 1127 3418; x_wconf 95' lang='lat' dir='ltr'> </span> 
     </span>
    </p>
   </div>
  </div>
 </body>
</html>
