2262 3412
341 85 347 98 ι
369 177 371 182 ,
400 128 478 180 CAP.
495 130 638 193 vnn-x,
655 129 669 192 5
686 133 773 183 18-28.
979 135 1011 187 8:

170 235 264 290 totam
287 230 361 290 hanc
384 229 574 308 legationem:
603 233 786 314 adsiduitatis
809 239 839 292 et
862 253 1011 312 operarum

171 310 273 368 harum
292 310 500 369 cotidianarum
516 319 600 388 putat
616 332 676 371 esse
693 314 881 373 consulatum.
923 315 1010 394 Apud
1086 368 1091 377 .

170 391 326 450 exercitum
337 390 415 448 mihi
432 391 528 462 fueris,
544 392 647 469 inquit,
663 399 708 451 tot
722 389 822 466 annos,
837 395 935 452 forum
954 415 1010 454 nou

170 470 316 547 attigeris:
337 471 443 528 alueris
464 477 523 528 tam
543 471 602 543 diu,
617 481 736 544 etcum
754 473 842 551 longo
864 471 1011 534 intervallo

89 585 97 598 ·
170 550 288 620 veneris,
300 569 367 608 cum
383 550 426 620 iis,
439 551 489 627 qui
503 551 533 608 in
549 552 614 609 foro
631 552 806 626 habitarunt,
819 555 855 612 de
872 555 1011 633 dignitate

169 629 344 688 contende-sl
384 629 515 688 Primum
539 631 594 688 ista
617 639 716 690 nostra
739 634 903 707 adsiduitas,
922 635 1010 709 Servi,

170 709 261 768 nescis
275 716 414 787 quantum
428 710 574 768 interdum
587 711 699 771 adferat
711 713 878 772 homiuibus
891 715 1009 788 fastidii,

170 797 310 867 quantum
332 790 488 848 satietatisl
529 790 603 849 Mihi
623 793 741 870 quidem
762 794 945 854 vehementer
966 815 1010 853 ex-

168 869 261 947 pediit
278 869 403 946 positam
423 869 454 927 in
475 871 566 928 oculis
586 891 647 931 essa
667 874 798 951 gratiam
840 874 898 933 Sed
914 881 1010 933 tamen

168 968 223 1026 ego
237 950 295 1007 mei
309 950 471 1008 satietatem
484 970 591 1029 magno
605 972 670 1011 meo
685 954 781 1012 labore
795 955 924 1032 superavi
938 962 968 1013 et
978 962 1010 1012 tu

164 1029 239 1086 item
252 1029 390 1087 fortasse:
410 1049 509 1088 vemm
522 1039 620 1090 tamen
633 1033 748 1111 utrique
761 1041 891 1092 nostrum
903 1035 1011 1093 deside·

168 1108 243 1166 rium
267 1109 339 1166 nihil
363 1109 512 1170 obfuisset
555 1119 602 1171 22.
625 1112 683 1170 Sed
706 1122 739 1172 ιιι
762 1113 819 1172 hoc
843 1115 949 1172 omisso
973 1114 1010 1172 ad

169 1188 329 1246 studiorum
353 1197 439 1266 atque
461 1192 566 1250 artium
590 1193 804 1251 contentionem
826 1201 1008 1267 revertamur,
1048 1205 1050 1210 ’

169 1268 220 1345 qui
227 1275 326 1346 potest
335 1269 461 1328 dubitari
472 1273 542 1348 quin
552 1272 590 1329 ad
600 1272 780 1330 consulatum
794 1273 1010 1350 adipiscendum

168 1348 260 1406 multo
274 1348 339 1427 plns
352 1350 465 1409 adferat
478 1352 628 1429 dignitatis
638 1352 682 1410 'rei
695 1353 827 1410 militaris
841 1371 928 1430 quam
942 1353 1010 1410 iuris

168 1428 260 1486 civilis
273 1429 383 1506 glorial
423 1430 536 1508 Vigiles
549 1439 583 1489 tu
597 1431 731 1490 deuecta
748 1438 781 1490 ιιι
794 1431 852 1491 tuis
868 1432 1011 1490 consulto

168 1508 246 1566 ribus
267 1510 456 1587 respondeas:
481 1511 529 1568 ille
550 1520 583 1568 ut
605 1531 648 1583 eo,
666 1531 724 1589 qno
745 1512 879 1584 intendit,
898 1519 1010 1571 mature

168 1608 234 1648 cum
248 1590 374 1648 exercitu
388 1590 542 1668 perveniat
556 1639 564 1654 ,
584 1590 626 1650 Te
640 1591 789 1668 gallorum,
802 1591 882 1649 illum
896 1590 1011 1650 bucina·

168 1688 232 1727 rum
254 1676 355 1728 cantus
377 1670 537 1728 exsuscitat.
579 1670 625 1728 Tu
647 1671 789 1729 actionem
810 1671 945 1743 instituis,
963 1671 1010 1730 ille

61 1782 64 1788 ·
127 1743 128 1746 '
168 1750 258 1807 aciem
275 1749 399 1808 instruit
441 1749 486 1808 Tu
504 1769 585 1808 caves
601 1769 637 1808 ne
653 1750 698 1808 tui
714 1751 898 1822 consultores,
910 1750 957 1809 ille
973 1771 1010 1809 ne

167 1828 251 1887 nrbes
265 1837 315 1887 aut
325 1837 417 1888 castra
430 1830 586 1906 capiantur.
622 1829 673 1888 Ille
684 1837 764 1888 tenet
773 1837 803 1889 et
813 1831 867 1889 scit
880 1838 913 1888 ut
923 1831 1011 1888 hosti-
1081 1831 1082 1834 ’

168 1928 217 1966 nm
234 1909 342 1986 copiae,
357 1916 390 1966 tu
407 1918 440 1966 ut
456 1929 547 1987 aquae
562 1909 676 1986 pluviae
696 1917 852 1968 arceantur.
894 1909 946 1968 llle
964 1930 1011 1968 ex-

167 1988 302 2046 ercitatus
321 1996 365 2046 est
380 1989 411 2045 in
427 1989 621 2066 propagandis
640 1988 753 2061 finibus,
768 1997 801 2047 tu
819 1989 851 2046 in
869 1990 1008 2067 regendis,

167 2086 201 2125 ac
220 2068 552 2130 nimirum—dicendum
574 2076 618 2127 est
638 2069 715 2126 enim
737 2069 815 2146 quod
835 2069 1010 2128 sentio-rei

167 2147 299 2204 militaris
315 2147 405 2204 virtus
423 2155 548 2225 praestat
566 2148 667 2206 ceteris
686 2149 827 2222 omnibus
869 2149 907 2206 X.
929 2149 1010 2207 Haec

167 2245 273 2284 nomen
284 2226 392 2303 populo
403 2226 544 2299 Romano,
555 2227 624 2302 haec
638 2228 705 2285 huic
719 2227 783 2286 urbi
797 2235 941 2286 aeternam
951 2228 1011 2305 glo

167 2305 238 2364 riam
253 2307 381 2383 peperit:
402 2305 473 2364 haec
490 2306 589 2384 orbem
606 2315 744 2366 terrarum
760 2327 859 2385 parere
875 2307 943 2365 huic
958 2309 1011 2365 im·
1080 2334 1084 2342 ·

166 2386 246 2462 perio
263 2386 378 2462 coegit:
400 2404 500 2444 omncs
516 2387 640 2444 urbanae
653 2407 706 2458 res,
719 2387 817 2444 omnia
830 2387 899 2445 haec
913 2397 1011 2445 nostra

32 2455 36 2462 ”
97 2518 99 2522 .
166 2465 309 2542 praeclara
332 2465 428 2524 studia
449 2473 479 2524 et
500 2465 570 2524 haec
591 2467 714 2524 forensis
736 2467 797 2524 laus
820 2474 849 2524 et
869 2467 1011 2525 industria

166 2545 257 2603 latent
270 2545 300 2601 in
314 2546 405 2604 tutela
420 2565 453 2604 ac
466 2546 609 2622 praesidio
623 2545 741 2604 bellicae
755 2547 876 2604 virtutis
918 2546 1010 2604 Simul

166 2631 251 2702 atque
264 2625 408 2702 increpuit
424 2626 545 2703 suspitio
562 2625 798 2698 comminantes
813 2626 880 2684 ilico
897 2635 1010 2684 nostrae

166 2705 368 2763 conticescunt

206 2791 253 2842 23.
275 2784 314 2841 Et
328 2783 464 2862 quoniam
478 2784 551 2841 mihi
561 2784 666 2846 videris
679 2784 764 2843 istam
779 2784 926 2843 scientiam
941 2785 1010 2842 iuris

166 2869 313 2941 tamquam
335 2863 453 2922 filiolam
478 2864 599 2921 osculari
620 2871 709 2936 tuam,
729 2884 788 2922 uon
811 2865 904 2942 patiar
927 2871 956 2922 te
979 2865 1009 2921 in

166 2950 248 3001 tanto
265 2963 358 3003 errore
372 2943 528 3016 versarint
542 2944 620 3002 istud
633 2944 730 3002 neseio
745 2945 823 3021 quid,
836 2943 914 3022 quod
928 2951 1010 3001 tanto

167 3042 252 3100 opere
279 3024 415 3095 didicisti,
437 3024 613 3101 praeclarum
641 3024 750 3102 aliquid
778 3043 838 3082 esse
866 3023 1009 3086 arbitrere.

167 3102 241 3160 Aliis
258 3123 273 3160 e
294 3123 312 3161 o
328 3111 358 3162 te
374 3102 536 3175 virtutibus,
549 3104 751 3175 continentiae,
763 3103 919 3182 gravitatis,
932 3103 1010 3161 iusti·

167 3182 232 3254 tiae,
244 3181 263 3240 fi
284 3182 580 3256 ei,ceteris·om11ibus
596 3182 747 3242 consulatu
763 3190 793 3241 et
807 3183 887 3241 omni
901 3183 1010 3240 honore
