2262 3418
403 127 483 178 cnr.
499 128 669 192 nna-rm,
685 127 700 190 s
714 130 805 181 3540.
887 144 888 149 ,
979 133 1028 182 ras

76 258 78 262 ·
186 229 288 302 aiones,
299 247 385 306 quam
398 229 557 306 praeclarae
570 229 705 288 fuerunt!
739 230 886 304 Potuitne,
898 249 964 290 cum
978 232 1028 290 do-'
1069 265 1072 272 ·

185 328 267 367 mum
285 327 318 366 ac
337 308 407 367 deos
426 315 544 386 penates
565 329 632 367 suos
652 309 702 369 illo
724 319 910 388 oppugnante
930 312 1028 370 deien-

186 389 274 460 deret,
290 389 351 446 iure
372 407 401 446 se
418 388 537 447 uleiscil
560 390 694 466 potuitne
714 390 770 448 civi
787 391 903 468 egregio
920 399 950 450 et
962 392 1026 450 viro

186 468 353 539 fortissimo,
363 466 396 526 P.
406 467 508 540 Sestio,
518 469 628 546 collega
641 470 877 541 suo,vulneratol
894 472 1028 550 potuitne

186 547 220 616 Q.
234 546 372 620 Fabricio,
384 547 446 605 viro
463 549 584 625 optim0,
595 568 663 607 cum
683 550 720 607 de
736 549 831 608 reditu
851 570 917 608 meo
933 551 1046 630 legem

184 627 282 698 ferret,
297 627 389 705 pulso,
405 626 601 685 crudelissima
620 629 651 685 in
671 630 737 686 foro
758 629 843 687 caede
862 630 958 689 factal
977 651 1028 709 po-

185 707 279 764 tuitne
298 706 329 764 L.
340 706 465 779 Caecilii,
480 707 631 775 iustissimi
651 709 859 786 fortissimique
879 711 1026 787 praetoris,

186 793 354 864 oppugnata
367 787 473 845 domet
493 789 626 864 potuitne
639 787 690 845 illo
707 788 762 861 die,
775 808 841 846 cum
856 796 899 847 cst
911 789 970 846 lata
982 789 1027 847 lex

186 865 222 924 de
232 867 298 924 mel
318 885 384 924 cum
394 867 487 925 totius
495 867 594 926 Italiae
608 886 770 942 concursus,
783 887 868 947 quem
878 888 943 927 mea
952 868 1027 927 salus

186 947 350 1018 concitarat,
362 946 434 1004 facti
450 947 527 1004 illius
547 948 669 1024 gloriam
689 948 782 1006 libens
801 949 972 1026 agnovisset,
984 955 1026 1021 ut,

186 1026 274 1084 etiam
291 1027 315 1083 si
331 1026 363 1084 id
377 1027 448 1084 Milo
464 1027 587 1100 fecisset,
600 1035 703 1086 cuneta
719 1028 819 1086 civitas
836 1049 898 1088 eam
912 1029 1026 1087 laudem

185 1124 239 1182 pro
253 1125 305 1163 sua
314 1105 489 1166 vindicaretl
522 1107 590 1166 XV.
620 1114 665 1166 39.
681 1108 724 1166 At
735 1108 814 1186 quod
824 1110 1028 1185 erattempusl

186 1183 419 1245 Clarissimuset
437 1187 611 1246 fortissimus
632 1187 740 1260 consul,
757 1188 892 1260 inimicus
913 1187 1025 1259 Olodio,

186 1263 219 1322 P.
230 1265 375 1338 Lentulus,
384 1266 461 1325 ultor
474 1267 586 1326 sceleris
600 1267 684 1339 illius,
692 1274 890 1345 propugnator
903 1274 1017 1326 senatus

186 1345 321 1404 defensor
333 1353 443 1404 vestrae
456 1347 620 1420 voluntatis,
632 1355 769 1426 patronus
785 1347 1028 1484 public'bconsen·

186 1444 243 1496 sus,
254 1426 403 1484 restitutor
422 1427 522 1485 salutis
541 1446 638 1486 meae:
660 1434 770 1504 septem
791 1433 890 1504 praeto
906 1445 943 1499 es,
959 1433 1026 1485 octo

186 1505 295 1563 tribuni
311 1505 414 1584 plebei,
425 1507 502 1564 illius
518 1507 678 1579 adversarii,
691 1507 855 1565 defensores
875 1507 950 1564 mei:
972 1507 1024 1565 On.

186 1583 352 1663 Pompeius,
368 1593 467 1645 auctor
489 1595 518 1645 et
540 1587 598 1645 dux
619 1587 677 1645 mei
698 1587 815 1657 reditus,
827 1587 904 1645 illius
924 1587 1025 1659 hostis,

187 1665 268 1722 euius
285 1667 454 1724 sententiam
473 1673 587 1724 senatus
608 1667 701 1724 omnis
718 1667 754 1724 de
771 1667 861 1725 salute
881 1686 946 1726 mea
962 1687 1027 1745 gra-

186 1745 333 1802 vissimam
350 1753 379 1804 et
396 1746 605 1804 ornatissimam
623 1753 736 1805 secutus
753 1754 804 1819 est,
820 1747 870 1826 qui
885 1747 1026 1825 populum

187 1823 352 1882 Romanum
365 1832 409 1883 est
422 1823 603 1884 cohortatus:
625 1827 676 1904 qui
690 1846 755 1884 cum
773 1827 809 1885 de
822 1846 869 1885 me
879 1827 1025 1885 decretum

187 1903 303 1983 Capuae
316 1905 440 1977 fecisset,
450 1905 512 1983 ipse
529 1912 648 1963 cunctae
662 1906 761 1964 Italiae
777 1906 905 1984 cupienti
922 1907 1026 1965 eteius

74 2013 76 2017 ·
187 1982 274 2042 fidem
291 1985 457 2063 imploranti
474 1985 589 2062 ‘signum
611 1985 699 2058 dedit,
712 1993 745 2044 ut
761 1986 799 2043 ad
814 2005 861 2044 me
876 1987 1027 2044 restituenss

187 2063 257 2122 dum
274 2064 398 2122 Romam
414 2071 631 2123 concurrerent:
654 2065 751 2122 omnia
770 2072 833 2122 tum
855 2066 978 2144 denique
994 2066 1025 2122 in

142 2145 145 2150 “
186 2143 268 2202 illum
283 2145 350 2202 odia
363 2145 469 2203 civium
483 2144 620 2202 ardebant
634 2144 777 2203 desiderio
793 2145 859 2216 mei,
872 2165 957 2222 quem
975 2145 1026 2223 qui

186 2230 250 2287 tum
261 2224 459 2296 interemisset,
467 2244 525 2282 uon
534 2225 570 2282 de
579 2224 753 2302 impunitate
764 2224 832 2296 eins,
844 2225 894 2282 sed
905 2224 941 2282 de
947 2239 1026 2302 prae

187 2305 253 2362 miis
277 2304 457 2382 cogitaretur.
496 2308 542 2362 40.
560 2304 669 2362 Tamen
690 2323 720 2362 se
741 2302 812 2361 Milo
832 2303 976 2362 continuit
996 2311 1026 2362 et

186 2381 220 2440 P.
231 2383 365 2442 Clodium
382 2384 412 2440 in
428 2384 567 2442 iudicium
583 2382 636 2454 bis,
648 2382 685 2440 ad
699 2383 757 2440 vim
773 2402 931 2460 numquam
945 2403 1026 2441 voca-

186 2462 236 2520 vit
272 2461 369 2531 Quidl
388 2463 500 2541 privato
515 2463 622 2520 Milone
636 2469 665 2521 et
677 2481 727 2520 reo
741 2462 779 2520 ad
791 2463 932 2540 populum
946 2481 1026 2520 accu-

186 2549 267 2600 sante
284 2542 317 2600 P.
330 2542 442 2615 Clodio,
457 2562 523 2601 eum
544 2543 574 2600 in
593 2542 645 2600 On.
656 2542 829 2620 Pompeium
847 2562 901 2620 pro
918 2542 1025 2600 Milone

187 2621 331 2688 dicentem
355 2621 480 2700 impetus
499 2623 594 2680 factus
614 2628 665 2694 est,
681 2641 753 2699 quae
773 2629 836 2680 tum
857 2641 916 2680 non
936 2623 1025 2680 modo

187 2702 308 2772 occasio,
317 2702 369 2760 sed
379 2702 464 2760 etiam
480 2721 564 2760 eausa
577 2701 653 2760 illius
667 2703 849 2780 opprimendi
859 2703 935 2761 fuiti
966 2701 1026 2760 Nu-

186 2799 325 2858 pervere
350 2801 415 2840 cum
438 2781 476 2839 M.
494 2780 641 2839 Antonius
661 2801 803 2840 summam
824 2800 904 2860 spem
927 2781 1025 2839 salutis

186 2859 271 2919 bonis
285 2861 419 2919 omnibus
435 2860 576 2919 attulisset
592 2861 845 2938 gravissimamque
861 2861 1025 2919 adolescens

134 2983 139 2996 .
187 2940 382 2998 nobilissimus
397 2941 438 2998 rei
451 2940 582 3018 publicae
595 2946 705 3018 partem
720 2941 875 2999 fortissime
889 2939 1025 3017 suscepis-

187 3027 239 3092 set,
251 3028 338 3098 atque
351 3019 430 3078 illam
442 3019 565 3092 beluam,
577 3020 677 3092 iudicii
691 3019 807 3098 laqueos
823 3018 1023 3091 declinantem,

186 3099 245 3156 iam
267 3100 406 3159 irretitam
422 3105 539 3170 teneret,
552 3099 601 3177 qui
617 3099 705 3172 locus,
718 3099 796 3176 quod
812 3105 927 3176 tempus
942 3097 1032 3169 illud,-

187 3179 219 3236 di
232 3179 416 3253 immortales,
427 3178 502 3238 fuitl
523 3197 589 3237 oum
603 3199 633 3238 se
646 3179 694 3238 ille
709 3179 825 3256 fugiens
839 3178 869 3236 iu
886 3177 1024 3236 scalarum
