2240 3418
399 138 754 202 car.m.-x1.,§2rs4.
950 141 998 191 rar
1054 206 1059 215 ο

160 243 213 322 qui-
226 231 334 314 omues,
347 239 450 317 quibus
466 241 556 298 iratus
572 246 653 313 esset,
666 240 781 298 eosdem
796 242 883 299 etiam
897 242 997 301 exsilio
1108 307 1109 312 η

159 331 210 381 aut
225 327 319 379 morte
338 320 443 398 dignos
458 319 604 378 iudicaret.
646 319 738 378 Arma
758 319 794 378 ab
815 320 876 379 aliis
893 323 995 398 posita,

158 401 195 461 ab
212 401 274 459 aliis
291 408 388 477 erepta
404 407 478 458 sunt
521 399 654 476 Ingratus
667 407 711 458 est
724 400 904 478 iniustusque
917 402 995 475 civis,
1024 416 1028 425 '

159 481 209 560 qui
225 499 369 538 armorum
385 479 512 556 periculo
528 478 664 537 liberatus
679 480 807 538 animum
822 487 919 539 tamon
932 484 997 540 reti·

64 601 68 610 .
158 567 208 618 net
229 567 379 635 armatum,
394 566 428 617 ιιι
449 559 535 616 etiam
558 557 605 616 ille
627 559 728 616 melior
750 560 796 633 sit,
812 561 862 638 qui
883 561 914 620 in
937 563 997 621 acie

158 639 270 711 cecidit,
283 639 332 717 qui
348 639 378 696 in
395 657 479 696 causa
497 638 621 696 animam
640 639 780 715 profudit.
822 639 902 709 Quae
919 643 995 699 enim

157 719 315 798 pertinacia
335 717 513 796 quibusdam,
526 718 624 776 eadem
645 718 709 776 aliis
729 721 890 778 constantia
905 721 996 779 videri

157 805 262 877 potest
302 804 351 856 ιιι.
367 797 425 873 Sed
440 799 498 856 iam
517 798 611 856 omnis
629 799 721 858 fracta
736 800 875 858 dissensio
895 808 939 859 est
955 821 996 858 ar-

157 878 377 950 mis„exstincta
399 878 542 956 aequitate
566 879 699 938 victoris:
727 886 815 938 restat
838 887 872 938 ut
896 900 995 938 omnes

158 971 257 1016 unum·
268 959 365 1029 velint,
381 958 431 1036 qui
451 959 539 1016 modo
560 958 668 1017 habent
689 960 798 1037 aliquid
821 979 880 1018 non
903 960 995 1018 solum

158 1038 323 1116 sapientiae,
338 1037 389 1096 sed
409 1037 496 1096 etiam
520 1039 657 1098 sanitatis.
700 1040 765 1108 Nisi
786 1047 823 1112 te,
838 1040 870 1099 C.
883 1040 994 1112 Caesar,

158 1117 236 1176 salvo
253 1124 283 1175 et
296 1119 326 1175 in
340 1118 400 1176 'ista
416 1119 564 1190 sententia,
577 1139 634 1197 qua
650 1138 715 1177 cum
732 1127 817 1178 antea
832 1127 895 1177 tmn
909 1120 996 1178 hodie

158 1198 202 1256 vel
219 1199 343 1256 maxime
363 1218 432 1256 usus
452 1195 490 1271 es',
502 1206 636 1257 manente
655 1199 724 1257 salvi
743 1219 803 1257 esse
823 1219 882 1256 non
898 1219 996 1276 possu-

73 1289 81 1306 ·
157 1298 230 1336 mus.
269 1277 333 1348 Qua
356 1298 386 1337 re
408 1298 508 1336 omnes
523 1286 567 1351 te,
584 1279 633 1356 qui
653 1279 723 1337 haec
744 1278 820 1336 saiva
840 1298 900 1336 esse
919 1279 997 1336 volu-

158 1378 230 1430 mus,
246 1366 275 1416 et
297 1359 447 1416 hortamur
469 1366 499 1417 et
521 1358 709 1430 obsecramus,
724 1365 758 1416 ιιι
779 1359 855 1416 vitae
877 1366 943 1416 tuae
967 1365 997 1416 et

159 1438 243 1498 saluti
260 1439 399 1510 consulas,
412 1458 568 1516 omnesque
584 1439 646 1510 tibi,
658 1446 691 1496 ut
705 1458 758 1516 pro
774 1439 838 1496 aliis
854 1438 941 1497 etiem
957 1437 997 1496 lo

159 1538 230 1596 quar
246 1519 325 1596 quod
343 1518 379 1576 de
399 1538 446 1576 me
466 1519 528 1596 ipse
549 1519 650 1590 sentio,
666 1518 802 1596 quoniam
819 1518 933 1576 subesse
948 1517 997 1575 ali·

159 1598 230 1676 quid
245 1605 331 1676 putas
347 1599 426 1676 quod
443 1598 600 1656 cavendum
622 1598 667 1670 sit,
682 1617 741 1655 non
759 1598 848 1656 modo
865 1597 997 1656 excubias

159 1685 189 1736 ct
202 1679 355 1750 custodias,
367 1678 418 1736 sed
431 1679 519 1736 etiam
529 1679 651 1737 latorum
667 1685 831 1736 nostrorum
846 1678 997 1756 oppositus

159 1766 189 1818 et
202 1777 356 1836 corporum
368 1757 543 1835 pollicemur.

199 1838 252 1896 XI.
289 1845 336 1896 33.
352 1837 410 1896 Sed
427 1845 468 1910 ut,
483 1838 560 1896 unde
581 1846 624 1897 est
645 1858 716 1911 orsa,
731 1839 762 1896 in
781 1839 882 1897 eodem
903 1838 999 1897 termi-

159 1926 243 1976 netur
259 1919 360 1990 oratio,
372 1919 511 1976 maximas
527 1917 581 1976 tibi
598 1907 698 1977 omne's
714 1920 821 1994 gratias
834 1919 954 1996 agimus,
964 1917 996 1976 Ο.

159 1999 271 2070 Caesar,
282 1999 405 2056 maiores
421 1999 507 2056 etiam
523 1997 670 2056 habemus.
708 1998 785 2055 Nam
804 2018 903 2056 omnes
922 1998 999 2055 idem

161 2080 298 2149 sentiunt,
311 2078 390 2155 quod
405 2098 440 2136 ex
458 2078 587 2136 omnium
604 2077 736 2155 precibus
752 2084 782 2136 et
797 2077 921 2135 lacrimis
939 2097 1000 2134 sen·

159 2160 214 2217 tire
234 2158 372 2236 potuisti:
398 2157 448 2216 sed
467 2159 534 2235 quia
555 2177 615 2215 non
637 2165 680 2215 est
701 2157 835 2215 omnibus
858 2156 1000 2215 stantibus

159 2258 273 2297 necesse
297 2238 431 2309 diceres
451 2257 498 2296 me
519 2245 594 2296 certe
618 2238 674 2295 dici
695 2237 804 2309 volunt,
820 2237 867 2294 cui
887 2255 1000 2294 necesse

160 2326 204 2378 est
225 2318 350 2396 quodam
371 2318 468 2390 modo,
483 2324 513 2376 et
529 2319 607 2394 quod
626 2316 687 2386 fieri
707 2317 790 2375 decet
811 2317 850 2375 M.
866 2316 1000 2374 Marcello

160 2406 227 2457 etc
249 2398 316 2456 huic
337 2398 431 2456 ordini
455 2397 621 2475 populoque
640 2397 773 2455 Romano
797 2403 827 2454 et
847 2396 888 2454 rei
908 2395 1001 2473 publi-

160 2498 210 2537 cae
230 2477 352 2549 reddite,
369 2477 430 2535 fieri
449 2477 481 2535 id
500 2477 639 2554 intelligo,
682 2476 758 2534 Nam
779 2477 879 2535 laetari
902 2495 1001 2543 omnes

160 2557 274 2616 nonde
295 2557 380 2616 unius
400 2557 501 2629 solum,
517 2557 567 2616 sed
585 2557 621 2615 de
642 2558 789 2615 communi
810 2557 939 2615 omnium
961 2575 1002 2612 sa·

94 2657 101 2669 ·
161 2637 221 2695 lute
237 2637 339 2695 sentio.
375 2642 421 2696 34.
437 2637 523 2706 Quod
535 2644 633 2695 autem
647 2656 774 2696 summae
787 2635 1001 2694 benevolentiae

66 2733 71 2742 ·
161 2724 213 2788 est,
224 2737 297 2794 quae
313 2736 378 2774 mea
394 2737 461 2795 erga
477 2717 558 2775 iilum
576 2717 710 2775 omnibus
727 2736 839 2794 semper
852 2722 922 2774 nota
934 2716 1001 2787 fuit,

161 2805 195 2856 ιιι
218 2798 267 2854 vix
288 2796 320 2854 Ο.
336 2796 479 2868 Marcello,
498 2797 610 2874 optimo
635 2804 664 2855 et
688 2797 885 2854 amantissimo
910 2795 1000 2866 fratri,

161 2883 274 2954 praeter
295 2896 361 2934 eum
386 2877 501 2955 quidem
526 2877 657 2935 cederem
677 2877 795 2949 nemini,
811 2896 877 2934 cum
897 2875 934 2938 id.
943 2875 1003 2931 sol-

159 2955 321 3028 licitudine,
337 2975 411 3028 cura,
426 2956 523 3014 labore
543 2964 602 3014 tam
628 2958 678 3015 diu
700 2957 900 3034 praestiterim,
916 2974 1002 3032 quam

162 3037 214 3093 diu
228 3042 279 3094 est
299 3037 335 3094 de
355 3036 432 3094 illius
452 3037 542 3095 salute
566 3036 739 3108 dubitatum,
754 3043 829 3094 certe
853 3035 908 3093 hoe
932 3041 1003 3092 tem-

162 3134 233 3193 pore
267 3116 381 3194 magnis
411 3117 493 3189 curis,
518 3117 666 3188 molestiis,
688 3115 834 3174 doloribus
868 3115 1003 3173 liberatus

162 3200 307 3272 praestare
335 3193 434 3255 debeo.
480 3195 590 3275 Itaque,
612 3196 644 3256 0.
660 3195 771 3269 Caesar,
796 3196 837 3254 sic
864 3195 918 3254 tibi
942 3213 1003 3272 gra·
