2262 3418
440 117 728 182 cnr.r,n.,§1s.
958 122 1006 170 119
1080 73 1086 87 ’

204 223 228 282 Ι.
273 228 298 280 1.
321 221 352 280 si
377 221 510 300 quidest
533 221 564 278 in
588 239 634 278 me
658 220 775 298 ingenii,
792 221 909 293 iudices,
928 221 1007 299 quod

165 303 259 361 sentio
276 321 362 380 quam
382 302 420 359 sit
438 301 581 378 exiguum,
597 306 647 358 aut
665 301 689 357 si
708 320 765 378 qua
783 302 948 360 exercitatio
965 301 1006 359 di-

165 383 256 453 cendi,
269 383 300 439 in
315 400 371 460 qua
384 400 430 439 me
447 400 506 438 non
520 379 629 438 infitior
644 380 826 439 mediocriter
842 401 902 439 csse
916 400 1006 439 versa·

164 469 236 534 tum,
252 468 302 520 aut
322 462 346 519 si
366 461 484 518 huiusce
504 460 545 518 rei
564 461 638 517 ratio
659 461 754 537 aliqua
773 460 809 518 ab
830 461 1003 538 optimarum

164 542 270 600 artium
287 541 389 599 studiis
405 560 438 598 ac
452 539 604 616 disciplina
619 540 785 616 profectae
802 559 858 618 qua
874 560 927 618 ego
944 541 1005 600 nul-

164 621 225 678 lum
235 621 374 679 confiteor
384 620 485 678 aetatis
495 639 575 678 meae
585 627 700 696 tempus
710 619 897 691 abhorruisse,
907 639 1004 678 earum

164 719 258 758 rerum
273 701 402 758 omnium
416 700 460 759 vel
474 700 505 758 in
518 699 620 778 primis
632 699 680 756 hic
690 699 727 758 A.
737 698 864 756 Licinius
877 700 1004 758 fructum

164 799 247 837 ame
267 773 394 858 repetere
414 799 504 858 prope
525 799 577 838 suo
598 779 659 836 iure
677 778 770 838 debet
813 778 888 836 Nam
910 780 1005 856 quoad

163 858 329 936 longissime
342 867 439 938 potest
455 879 536 918 mens
552 879 616 918 mea
631 859 770 936 respicere
787 859 912 936 spatium
926 878 1005 936 prae·

162 939 241 996 teriti
254 941 393 1018 temporis
407 947 437 998 et
449 940 588 1018 pueritiae
601 939 771 997 memoriam
785 938 926 996 recordari
939 938 1004 996 ulti·

162 1037 248 1090 mam,
263 1019 332 1077 inde
351 1035 441 1096 usque
460 1026 591 1095 repetens
608 1019 685 1076 hunc
704 1018 788 1076 video
808 1018 881 1075 mihi
901 1019 1004 1095 princi·

163 1115 230 1173 pem
251 1105 280 1155 et
300 1099 337 1154 ad
354 1098 565 1174 suscipiendam
584 1106 613 1156 et
631 1098 668 1155 ad
684 1098 900 1174 ingrediendam
919 1099 1004 1156 ratio
1071 1161 1074 1166 Δ

163 1194 229 1232 nem
240 1174 343 1233 horum
358 1176 519 1234 studiomm
533 1177 681 1236 exstitisse.
717 1176 803 1245 Quod
816 1177 840 1234 si
853 1176 923 1234 hacc
937 1197 1001 1249 vox,

163 1253 249 1312 huius
268 1255 385 1313 hortatu
404 1256 620 1333 praeceptisque
639 1256 820 1314 conformata
838 1275 898 1312 non
917 1255 1003 1314 nullis
1083 1323 1092 1338 ‚

162 1333 317 1410 aliquando
331 1335 416 1392 saluti
432 1335 497 1406 fuit,
509 1355 527 1392 a
540 1353 597 1412 quo
611 1335 642 1393 id
656 1335 817 1412 accepimus
831 1355 888 1412 quo
902 1336 1003 1393 ceteris

163 1413 298 1490 opitulari
322 1421 352 1472 et
375 1415 446 1472 alios
469 1433 579 1472 servare
602 1433 758 1492 possemus,
780 1415 847 1472 huic
870 1416 1002 1493 profecto

160 1492 225 1569 ipsi,
235 1501 374 1570 quantum
388 1501 431 1553 est
445 1495 532 1553 situm
547 1494 577 1551 in
593 1493 685 1564 nobis,
695 1501 725 1552 et
739 1513 824 1571 opem
838 1502 867 1554 et
881 1495 1001 1553 salutem

160 1573 234 1632 ferre
251 1573 395 1632 debemus.
438 1581 465 1632 2.
483 1574 528 1631 Ac
546 1593 583 1632 ne
600 1574 664 1651 quis
680 1573 796 1631 anobis
811 1575 867 1632 hoc
886 1576 928 1633 ita
943 1575 1001 1634 dici

125 1667 128 1672 ‘
160 1652 236 1710 forte
253 1653 378 1725 miretur,
392 1654 470 1731 quod
483 1653 539 1711 alia
556 1654 695 1731 quaedam
712 1654 742 1710 iu
756 1653 811 1712 hoc
825 1655 947 1713 facultas
963 1657 1001 1714 sit

159 1731 269 1808 ingenii
289 1752 382 1810 neque
402 1733 472 1791 haec
493 1733 608 1792 dicendi
627 1733 701 1791 ratio
721 1740 771 1792 aut
790 1735 1000 1813 disciplinans

159 1830 212 1868 nos
230 1811 346 1889 quidem
362 1813 430 1870 huic
445 1813 497 1870 uiri
514 1813 610 1870 studio
626 1813 741 1890 penitus
757 1833 895 1891 umquam
909 1815 1000 1874 dediti

159 1891 276 1948 luimus.
318 1892 435 1950 Etenim
449 1899 644 1965 omnesartes,
655 1912 726 1970 quac
740 1893 778 1950 ad
790 1893 1000 1952 humanitatem

159 1969 314 2044 pertinent,
330 1971 438 2030 habent
458 1971 604 2049 quoddam
628 1991 781 2030 commune
801 1973 947 2032 vinculum
971 1981 1000 2033 et

160 2049 241 2124 quasi
258 2051 429 2126 cognatione
446 2051 569 2128 quadam
586 2051 661 2109 inter
679 2071 708 2109 se
727 2053 917 2110 continentur.
959 2053 997 2112 ΙΙ.

161 2134 186 2186 3.
205 2127 263 2186 Sed
279 2148 315 2186 ne
335 2130 381 2186 cui
401 2138 528 2188 vestrum
548 2131 652 2187 mirum
673 2150 733 2189 esse
752 2131 883 2190 videatur
901 2152 948 2190 me
968 2133 999 2190 in

159 2209 326 2284 quaestione
346 2209 476 2286 legitima
495 2216 525 2268 et
544 2210 575 2267 in
595 2209 702 2268 iudicio
722 2210 847 2288 publico,
865 2232 931 2269 cum
954 2232 999 2270 res

158 2294 260 2364 agatur
278 2289 356 2365 apud
372 2296 533 2366 praetorem
551 2290 654 2367 populi
669 2289 801 2361 Romani,
812 2291 999 2349 lectissimum

158 2367 259 2440 virum,
271 2375 301 2426 et
320 2369 398 2445 apud
415 2369 607 2427 severissimos
625 2369 741 2441 iudices,
753 2376 835 2427 tanto
856 2379 998 2430 conventu

157 2446 307 2504 hominum
322 2467 355 2506 ac
366 2449 536 2525 frequentia,
546 2449 601 2506 hoo
614 2449 659 2506 uti
672 2467 775 2526 genere
787 2449 909 2522 dicendi,
920 2451 999 2527 quod

157 2544 216 2583 non
232 2526 321 2584 modo
340 2547 359 2585 a
375 2529 582 2587 consuetudine
601 2528 782 2601 iudiciorum,
794 2548 892 2588 vemm
911 2530 999 2588 ctiam

157 2623 174 2662 a
193 2605 302 2683 forensi
323 2626 454 2666 sermone
473 2607 632 2680 abhorreat,
648 2627 752 2686 quaeso
773 2629 791 2666 a
809 2609 899 2681 vobis,
914 2616 947 2666 ut
967 2611 998 2668 in

156 2684 210 2742 hac
231 2704 315 2742 causa
333 2687 407 2744 mihi
426 2687 501 2745 detis
519 2687 594 2746 hanc
613 2688 734 2757 veniam,
752 2689 998 2746 accommodatam

156 2762 224 2822 huic
244 2784 301 2837 rc0,
316 2765 407 2838 vobis,
420 2786 506 2844 quem
526 2767 703 2825 admodum
725 2787 816 2844 spero,
830 2787 890 2825 non
911 2769 999 2826 mole-

157 2850 238 2915 stam,
248 2851 281 2902 ut
290 2864 338 2902 me
351 2864 405 2922 pro
419 2865 532 2904 summo
543 2853 632 2923 poeta
642 2854 727 2923 atque
741 2848 934 2905 eruditissimo
948 2847 999 2904 ho-

156 2923 233 2980 minc
254 2924 406 2995 dicentem,
422 2925 478 2982 hoc
498 2944 637 2983 concursu
656 2925 808 2982 hominum
829 2926 998 2982 litteratissi-

154 3021 277 3076 momm,
289 3004 343 3062 hac
357 3011 451 3062 vestra
463 3004 650 3076 humanitate,
660 3004 716 3062 hoc
731 3005 853 3080 denique
867 3009 998 3078 praetore

155 3091 303 3142 exercente
319 3085 460 3142 iudicium
476 3084 627 3162 patiamini
641 3084 677 3141 dc
694 3083 797 3140 studiis
810 3081 998 3138 humanitatis

155 3180 188 3220 ac
207 3161 368 3222 litterarum
387 3164 484 3241 paullo
501 3164 582 3241 loqui
601 3162 720 3221 liberius
737 3166 768 3218 et
786 3159 816 3216 in
836 3158 896 3216 eius
916 3159 997 3218 modi
