2262 3418
411 102 758 194 oun.111.-v1.,ra-u.·
861 147 866 158 ·
958 125 1006 183 143

163 232 218 290 b'us
238 228 364 288 universi
381 228 497 301 ordinis,
510 247 597 306 quam
617 246 670 286 nec
686 227 780 286 tacitis
796 246 849 286 nec
870 227 1005 289 occultis!

164 311 288 381 Quando
312 310 390 368 enim
414 308 647 387 frequentissimo
672 314 772 366 senatu
797 314 933 385 quattuor
956 316 1006 367 aut

164 410 311 450 summum
328 389 454 469 quinque
471 395 538 446 sunt
558 387 668 450 inventi
689 388 739 467 qui
755 387 871 446 Milonis
892 407 1006 446 causam

164 492 223 530 non
247 470 421 549 probarentl
461 467 616 526 Declarant
639 467 724 526 huius
748 467 873 526 ambusti
897 467 1006 526 tribuni

163 551 256 630 plebis
280 549 344 608 illae
366 551 571 607 intermortuae
596 547 752 620 contiones,
771 547 875 625 quibus
899 547 1006 606 cotidie

164 650 259 689 meam
268 629 428 708 potentiam
443 628 584 687 invidiose
598 627 810 703 criminabatur,
822 647 888 685 cum
899 627 1006 686 diceret

164 717 295 769 senatum
312 729 371 768 non
388 708 466 787 quod
480 708 605 780 sentiret,
619 707 669 766 sed
683 707 762 785 quod
775 726 829 785 ego
843 707 945 766 vellem
959 709 1006 766 de-

164 810 285 849 cernere.
328 789 408 858 Quae
431 788 548 867 quidem
573 789 597 846 si
620 787 752 865 potentia
772 795 816 846 est
836 786 1006 865 appellanda

162 871 262 948 potius
276 890 362 948 quam
373 875 423 927 aut
433 876 551 947 propter
561 887 666 946 magna
679 867 710 925 in
724 887 784 926 rem
795 867 939 945 publicam
949 887 1006 926 me

163 951 219 1009 rita
235 950 387 1008 mediocris
403 950 434 1007 in
452 949 535 1006 bonis
549 949 640 1007 causis
656 948 811 1006 auotoritas
825 954 874 1006 aut
887 955 1006 1026 propter

94 1089 97 1096 .
162 1030 216 1088 hos
238 1029 379 1088 officiosos
399 1028 510 1087 labores
531 1048 610 1087 meos
634 1047 693 1087 non
713 1027 802 1086 nulla·
815 1028 893 1105 apud
913 1027 1005 1086 bonos

162 1111 262 1188 gratia,
274 1109 433 1188 appelletur
446 1109 488 1168 ita
504 1128 578 1180 sane,
590 1109 660 1166 dum
674 1108 763 1166 modo
778 1127 811 1166 ea
824 1127 877 1166 nos
890 1115 1006 1166 utamur

162 1209 215 1268 pro
238 1189 328 1248 salute
353 1189 495 1248 bonorum
519 1196 620 1247 contra
641 1188 795 1246 amentiam
816 1188 1003 1266 perditorum.

165 1276 209 1328 13.
222 1269 307 1328 Hanc
317 1289 384 1328 vero
396 1269 601 1347 quaestionem,
613 1268 667 1326 etsi
678 1287 737 1326 non
751 1275 795 1326 est
805 1268 911 1345 iniqua,
924 1287 1006 1324 num-

56 1424 59 1429 ·
163 1369 249 1427 quam
264 1357 361 1408 tamen
375 1355 490 1407 senatus
506 1348 738 1407 constituendam
751 1348 872 1426 putavit.
915 1348 1005 1406 Erant

161 1430 240 1487 enim
257 1430 342 1508 leges,
355 1436 435 1487 erant
449 1429 630 1507 quaestiones
645 1427 691 1486 vel
704 1428 740 1486 de
757 1428 843 1486 caede
856 1428 901 1487 vel
916 1428 951 1486 de
966 1428 1003 1500 vi,

161 1529 215 1567 neo
225 1517 338 1566 tanturn
352 1528 510 1567 maerorem
521 1527 554 1566 ac
565 1508 673 1566 luctum
688 1508 799 1565 senatui
810 1527 887 1566 mors
898 1507 930 1566 P.
940 1507 1005 1566 Clo-

58 1597 66 1612 '
161 1589 204 1647 dii
215 1589 370 1661 adferebat,
381 1596 414 1647 ut
427 1608 503 1646 nova
513 1588 642 1666 quaestio
653 1587 881 1646 constitueretur.
914 1587 1004 1646 Cuius

163 1669 240 1726 enim
256 1669 293 1728 de
310 1669 359 1726 illo
376 1669 486 1727 incesto
503 1675 603 1746 stupro
620 1667 759 1726 iudicium
776 1668 947 1726 decernendi
964 1688 1005 1726 se·

162 1749 243 1806 natni
259 1755 387 1826 potestas
404 1755 478 1806 esset
494 1755 599 1825 erepta,
611 1748 648 1806 de
664 1749 725 1806 eius
741 1748 860 1806 interitu
877 1749 940 1826 quis
954 1767 1005 1826 po-

162 1835 219 1887 test
233 1829 346 1886 credere
361 1835 491 1886 senatum
502 1828 641 1886 iudicium
652 1847 758 1886 novum
770 1828 1004 1886 constituendum
1017 1849 1020 1855 ¹

162 1910 296 1986 putasset
336 1908 395 1967 Cur
408 1909 498 1985 igitur
512 1907 679 1965 incendium
699 1908 801 1980 curiae,
815 1909 1005 1986 oppugnatio·

162 2007 229 2046 uem
238 1988 352 2046 aedium
361 1988 400 2046 M.
409 1987 519 2064 Lepidi,
529 1988 646 2046 caedem
653 1987 726 2045 hanc
735 1988 827 2065 ipsam
837 1995 936 2046 contra
943 2008 1004 2046 rem

162 2067 308 2146 publicam
322 2075 437 2126 senatus
447 2068 554 2125 factam
571 2087 632 2126 esse
652 2067 796 2126 decrevit?
836 2067 911 2136 Quia
926 2067 1005 2126 nulla
1065 2124 1068 2130 .

163 2148 206 2205 vis
219 2167 356 2225 umquam
370 2155 413 2206 est
427 2148 457 2205 in
468 2147 557 2205 libera
571 2147 685 2206 civitate
699 2154 831 2224 suscepta
840 2147 915 2206 inter
929 2149 1005 2206 cives

162 2247 222 2284 non
232 2234 332 2286 contra
344 2247 405 2285 rem
415 2227 569 2304 publicam.
610 2233 654 2286 14.
666 2227 733 2285 Non
748 2227 825 2284 enim
839 2235 883 2284 est
896 2227 945 2285 illa
958 2227 1005 2287 de

162 2307 256 2364 fensio
273 2315 373 2366 contra
388 2307 447 2365 vim
464 2327 601 2385 umquam
623 2307 757 2385 optanda,
773 2307 824 2364 sed
844 2326 903 2365 non
923 2327 1005 2365 nurn-

163 2405 249 2464 quam
266 2394 309 2445 est
325 2387 489 2446 necessaria
532 2387 596 2445 Nisi
609 2407 677 2445 vero
694 2394 743 2445 aut
756 2386 804 2444 ille
821 2387 891 2460 dies,
901 2387 931 2444 in
946 2406 1004 2465 quo

163 2466 206 2524 Ti.
215 2465 360 2524 Gracchus
376 2474 420 2525 est
436 2486 542 2538 caesus,
558 2474 608 2525 aut
625 2467 680 2538 ille,
692 2486 749 2545 quo
766 2465 863 2537 Gaius,
875 2474 925 2525 aut
946 2487 1004 2546 qno

162 2565 241 2604 arma
258 2545 412 2619 Saturnini,
425 2547 512 2605 etiam
529 2547 553 2604 si
568 2566 583 2604 e
600 2566 629 2604 re
643 2546 766 2624 publiea,
779 2566 914 2625 oppressa
928 2555 1003 2620 suut,

162 2625 384 2703 rempublicam
405 2634 503 2685 tamen
523 2645 582 2684 non
600 2627 789 2685 vulnerarunt.
832 2627 884 2686 VI.
903 2627 1004 2705 Itaque

159 2725 217 2782 ego
235 2707 296 2782 ipse
313 2707 433 2777 decrevi,
445 2726 511 2764 oum
528 2706 644 2764 caedem
660 2707 691 2764 in
708 2706 807 2784 Appia
822 2708 930 2765 factam
944 2727 1004 2782 esse

163 2791 313 2858 constaret,
329 2805 388 2844 non
409 2805 483 2856 enm,
500 2786 549 2863 qui
570 2807 600 2844 se
621 2786 805 2859 defendisset,
820 2794 920 2845 contra
943 2807 1004 2845 rem

162 2864 308 2942 publicam
325 2866 434 2937 fecisse,
451 2866 509 2939 sed,
524 2885 590 2923 oum
607 2866 733 2924 inessent
746 2867 777 2923 in
791 2885 821 2924 re
836 2867 878 2924 vis
896 2873 924 2924 et
937 2867 1005 2924 insi·

163 2944 235 3016 diae,
248 2945 355 3002 crimen
369 2945 477 3002 iudicio
494 2945 641 3017 reservavi,
654 2965 713 3004 rem
731 2946 837 3004 notavi.
880 2944 966 3014 Quod
980 2947 1004 3002 si

146 3043 214 3101 ,per
227 3024 368 3082 furiosum
384 3023 465 3082 illum
479 3024 628 3083 tribunum
645 3026 755 3083 senatui
770 3025 849 3103 quod
863 3025 1005 3083 sentiebat

158 3102 296 3180 perficere
306 3103 440 3175 licuisset,
448 3122 553 3162 novam
565 3104 761 3182 quaestionem
771 3104 879 3162 nullam
889 3104 1005 3162 habere-

161 3201 235 3246 mus
270 3181 451 3270 Decernebat
464 3183 550 3256 enim,
563 3189 596 3242 ut
608 3183 751 3244 veteribus
764 3183 876 3262 legibus
889 3190 980 3244 tantu
