2262 3412
346 184 349 189 -
403 147 616 213 car.11.-1v.,
633 147 719 210 §4-8.
952 145 985 202 Sl

143 247 201 314 hon
220 271 306 329 quam
320 250 459 322 volebam,
471 270 555 322 nunc,
567 270 639 330 cum
651 249 755 308 omnes
767 269 814 309 me
831 268 931 310 causae
948 251 984 312 ad

143 331 367 389 misericordiam
382 338 467 408 atque
481 330 740 388 adhumanitatem
751 338 862 403 vocent,
875 337 983 409 quanto

142 411 260 469 tandem
277 410 374 468 studio
391 410 481 468 debeo
498 417 615 468 naturae
631 412 983 490 meae.consuetudiuiqua
1084 457 1087 465 .

143 491 265 550 serviret
304 489 406 548 Ac-de
423 487 517 548 officio
534 489 710 548 defensionis
730 489 811 548 meae
832 509 864 548 ac
886 492 922 550 de
942 512 984 550 ra·
1028 535 1031 540 .
1099 561 1103 568 ¹

142 571 222 628 tione
238 570 427 628 accusationis
443 577 510 627 tuac
530 570 652 628 fortasse
672 570 759 628 etiam
780 571 836 629 alia
855 572 886 630 in
902 580 983 649 parte

143 650 280 708 orationis
294 649 448 707 dicandum
462 648 546 706 nobis
559 650 621 708 erit.
974 671 979 680 ·

184 729 210 788 7,
228 729 286 788 Sed
303 749 359 801 me,
370 729 487 801 iudices,
502 747 568 809 non
579 730 676 806 minus
691 728 818 787 hominis
837 731 984 808 sapientis-

143 809 209 867 simi
222 816 308 887 atque
323 809 497 867 ornatissimi
511 808 570 866 Ser.
579 807 699 886 Sulpicii
713 811 881 888 conquestio
897 830 982 888 quam

142 889 261 947 Catonis
272 889 413 947 accusatio
424 888 632 961 commovebat,
640 890 688 967 qui
699 891 864 967 gravissime
872 899 902 949 et
910 910 984 948 acer-

142 969 258 1027 bissime
279 970 353 1027 ferre
374 969 498 1027 sevdixit
514 989 561 1026 me
582 969 785 1028 familiaritatis
801 971 984 1028 necessit-udi-

143 1049 243 1126 nisqua
260 1049 382 1107 oblitum
400 1056 519 1106 causam'
531 1049 562 1107 L.
571 1049 705 1107 Murenae
722 1056 822 1108 contra
840 1070 869 1108 se
886 1050 984 1107 defen-

143 1129 216 1186 dere.
259 1128 336 1186 Huic
358 1148 420 1206 ego,
435 1128 552 1201 iudices,
568 1130 636 1187 satis
656 1130 749 1187 facere
770 1130 855 1206 cupio
876 1149 983 1207 vosque

143 1207 277 1266 adhibere
291 1208 420 1279 arbitros
455 1209 531 1266 Nam
545 1229 611 1267 cum
625 1228 710 1286 grave
724 1216 768 1266 est
781 1229 845 1267 vere
859 1209 983 1266 accusem

142 1288 173 1344 in
190 1288 317 1346 amicitia
332 1296 404 1361 tum,
417 1289 502 1347 etiam
521 1289 545 1346 si
561 1289 635 1346 falso
649 1289 795 1360 accuseris,
807 1307 865 1345 non
880 1296 923 1346 est
937 1306 984 1346 na«

33 1373 37 1382 '
142 1367 319 1445 gligendum.
361 1369 434 1448 Ego,
450 1369 508 1427 Ser.
521 1368 638 1446 Sulpici,
654 1387 700 1427 me
721 1369 751 1426 in
772 1369 912 1446 petitione
933 1375 984 1425 tua

142 1446 196 1504 tibi
214 1449 311 1506 omnia
327 1449 423 1507 studia
439 1457 524 1527 atqua
541 1449 634 1507 officia
649 1467 702 1525 pro
719 1457 817 1506 nostra
832 1449 984 1506 necessitu-

143 1527 210 1586 dine
235 1535 264 1586 et
288 1528 419 1587 debuisse
444 1529 582 1588 confiteor
605 1536 635 1586 et
656 1527 981 1606 praestitissc'arbitror.

143 1606 225 1665 Nihil
235 1608 290 1666 tibi
303 1607 482 1667 consulatum
493 1609 604 1686 petenti
618 1629 635 1666 a
647 1627 695 1666 mc
709 1609 803 1666 defuit
818 1608 897 1686 quod
910 1614 984 1671 essct

143 1695 193 1766 aut
206 1687 242 1746 ab
259 1689 352 1746 amico
368 1696 418 1746 aut
434 1708 451 1747 a
466 1689 593 1767 gratioso
609 1695 660 1746 aut
675 1709 692 1746 a
708 1687 824 1746 consule
839 1685 984 1765 postulan-

143 1760 221 1826 dum.
263 1768 347 1826 Abiit
367 1769 439 1826 illud
459 1775 591 1846 tempus:
616 1773 727 1826 mutata
748 1768 822 1826 ratio
843 1775 893 1827 est.
936 1767 1001 1847 Sic·

143 1848 285 1920 existimo,
297 1849 338 1906 sic
351 1848 424 1906 mihi
434 1848 599 1925 persuadeo,
608 1868 656 1906 me
669 1848 724 1906 tibi
735 1857 834 1906 contra
844 1845 983 1908 honorem

143 1926 175 1985 L
188 1927 331 1998 Murenae,
349 1935 489 2004 quantum
508 1935 542 1985 tu
562 1947 579 1984 a
598 1947 646 1985 me
665 1927 810 2004 postulare
831 1947 915 1984 ausus
936 1927 982 1998 sis,

143 2012 257 2062 tuntum
282 2007 422 2076 debuisse,
439 2013 540 2064 contra
562 2005 682 2064 salutem
705 2006 778 2063 nibil
802 2006 912 2065 debere.
956 2013 982 2064 a

144 2085 246 2163 Neque
262 2086 348 2157 enim,
361 2086 385 2142 si
398 2085 453 2142 tibi
467 2092 538 2157 tum,
554 2105 619 2143 cum
636 2093 748 2163 pateres
764 2130 770 2144 .
789 2130 796 2144 .
815 2130 822 2144 .
840 2105 906 2143 cum
923 2085 985 2144 Mu·

143 2184 242 2223 renam
262 2165 358 2242 ipsum
381 2172 470 2242 petas,
489 2165 604 2223 adiutor
627 2165 729 2224 eodem
749 2171 834 2242 pacto
856 2185 916 2222 esse
939 2165 985 2223 de

143 2245 206 2302 beo.
241 2244 340 2322 Atque
354 2244 409 2302 hoc
423 2264 481 2302 non
495 2245 584 2318 modo
598 2263 657 2302 non
673 2245 790 2316 laudari,
803 2244 853 2301 sed
867 2264 903 2301 ne
920 2263 986 2301 con-

143 2325 207 2384 cedi
228 2312 353 2402 quidem'
365 2331 470 2402 potest,
485 2331 519 2383 ut
539 2325 638 2382 amicis
657 2325 764 2382 nostris
787 2323 985 2382 accusantibus

143 2424 202 2462 non
224 2405 311 2463 etiam
332 2405 526 2462 alienissimos
541 2404 737 2462 defendamus.
780 2403 832 2462 IV.
849 2402 922 2460 Mihi
939 2423 986 2461 au-

143 2493 203 2542 tem
214 2503 280 2544 cum
292 2485 419 2556 Murena,
430 2485 547 2556 iudices,
560 2492 589 2543 et
602 2502 708 2561 magna
721 2491 750 2542 et
763 2491 845 2544 vetus
859 2483 985 2541 amicitia

144 2572 195 2636 est,
208 2584 281 2643 quae
301 2565 331 2622 in
352 2565 455 2642 capitis
471 2565 655 2623 dimicatione
672 2583 689 2622 a
707 2563 765 2623 Ser.
776 2563 905 2642 Sulpicio
925 2583 983 2620 non

144 2645 250 2702 idcirco
268 2644 411 2716 obmetur,
423 2645 504 2722 quod
517 2645 553 2702 ab
570 2644 671 2703 eodem
688 2643 853 2702 inhonoris
870 2650 985 2701 conten-

143 2725 224 2782 tione
241 2731 373 2802 superata
389 2731 440 2783 est.
482 2723 562 2793 Quae
579 2725 604 2783 si
620 2743 705 2782 causa
717 2743 776 2781 non
794 2730 876 2794 essct,
887 2729 984 2781 tamen

144 2803 188 2862 vel
206 2804 332 2881 dignitas
347 2803 474 2861 bominis
490 2804 534 2862 vel
551 2803 669 2861 honoris
683 2805 849 2882 eius,quem
864 2803 985 2881 adeptus

144 2890 195 2956 est,
208 2883 369 2961 amplitudo
387 2903 528 2940 summam
544 2883 617 2940 mibi
634 2883 783 2962 superbiae
799 2883 985 2942 crudelitatis·

145 2982 201 3040 que
219 2964 328 3020 famam
347 2964 501 3034 inussisset,
517 2963 542 3020 si
561 2962 688 3020 bominis
708 2970 738 3021 et
759 2964 817 3020 suis
838 2969 867 3020 et
884 2961 984 3039 populi

144 3041 268 3101 Romani
283 3043 457 3100 ornamentis
471 3042 640 3120 amplissimi
654 3062 768 3100 causam
779 3042 853 3100 tanti
866 3040 985 3118 periculi

144 3122 347 3199 repudiassem.
389 3121 491 3200 Neque
505 3122 582 3180 enim
597 3123 654 3180 iam
668 3122 742 3180 mihi
755 3122 822 3180 lieet
835 3128 985 3198 nequeest

144 3201 297 3281 integrum,
310 3211 343 3260 ut
356 3222 453 3261 meum
467 3202 594 3261 laborem
608 3202 760 3260 hominum
774 3201 907 3280 perieulis
921 3199 985 3258 sub
1042 3259 1046 3268 ,

315 3301 331 3361 7
