2262 3412
121 140 155 188 80
291 135 331 186 IN
348 137 378 186 L.
393 136 597 187 CATILINAM
613 136 748 187 ORATIO
765 137 787 186 1.

122 238 211 295 farios
221 242 280 295 'nec
295 238 407 314 privata
423 237 526 295 domus
542 237 698 316 parietibus
715 239 861 297 continere
873 243 970 300 'voces'·

123 317 328 374 coniurationis
338 324 404 374 tuac
413 319 526 394 potestl
544 318 568 374 si
578 316 762 388 illustrantur,
773 319 797 375 si
807 326 962 395 erumpunt

123 396 239 454 omnial
272 396 354 454 Muta
364 397 421 453 iam
435 396 519 453 istam
530 403 665 468 mentem,
677 396 749 453 mihi
763 397 854 469 crede,
864 395 963 456 oblivi-

96 496 102 509 ·
123 495 200 534 scere
217 475 311 533 caedis
330 482 417 553 atque
433 475 638 533 incendiorum.
680 475 797 533 Teneris
817 476 971 554 undique}

122 555 186 613 luce
201 562 267 611 sunt
277 554 395 612 clariora
408 554 492 612 nobis
505 562 556 612 tua
569 554 687 612 consilia
701 555 806 626 omnia,
818 574 890 632 quae
904 557 962 613 iam

122 653 237 692 mecum
253 634 319 692 licet
335 652 528 711 recognoscas
572 633 597 691 7.
616 633 810 692 Meministine
830 643 963 693 meante
1054 644 1058 647 “

124 713 200 771 diem
216 733 268 771 xrr.
281 712 426 770 Kalendas
440 712 617 770 Novembres
631 713 725 770 dicere
738 713 769 770 in
786 721 886 771 senatu
899 715 963 772 lore

123 793 153 850 in
171 793 257 850 armis
274 799 351 850 certo
368 793 424 864 dic,
437 792 486 870 qui
503 793 563 850 dies
580 791 694 850 futurus
713 799 787 850 esset
802 801 868 850 ante
885 793 963 851 diem

124 891 164 929 vr.
177 869 241 928 Kal.
254 870 440 942 Novembres,
456 870 488 928 0.
501 871 649 942 Manlium,
661 871 795 929 audaciae
812 872 963 930 satellitem

124 957 210 1027 atque
224 950 425 1007 administrum
435 952 520 1008 tuael
553 949 584 1007 N
584 969 633 1007 um
647 969 694 1008 me
708 950 820 1022 fefellit,
830 951 961 1022 Catilina,

124 1049 183 1086 uon
200 1029 288 1086 modo
305 1049 350 1086 res
369 1036 458 1100 tanta,
469 1037 529 1087 tarn
550 1035 631 1087 atrox
647 1036 763 1108 tamque
780 1030 962 1101 incredibilis,

125 1127 232 1180 verum,
247 1109 278 1166 id
296 1108 374 1186 quod
389 1109 482 1166 multo
498 1109 591 1186 magis
607 1115 650 1166 est
664 1109 872 1180 admirandum,
885 1110 966 1167 diesl
984 1163 988 1169 .

124 1188 195 1246 Dixi
209 1207 263 1266 ego
277 1188 354 1246 idem
368 1189 399 1245 in
414 1195 514 1264 senatu
527 1188 643 1247 caedem
657 1195 686 1245 te
701 1189 884 1265 optimatium
899 1209 964 1246 con·

124 1267 223 1326 tulisse
244 1268 274 1325 in
298 1274 364 1325 ante
388 1268 465 1325 diem
486 1273 516 1326 νζ
532 1267 677 1325 Kalendas
697 1267 882 1344 Novembres,
900 1275 963 1326 tum

125 1366 191 1404 cum
215 1347 300 1405 multi
324 1347 468 1424 principes
491 1347 615 1405 civitatis
639 1346 734 1403 Roma
756 1367 815 1404 non
835 1354 896 1405 tam
920 1348 964 1405 sui

125 1426 311 1485 conservandi
329 1445 414 1503 quam
430 1434 547 1484 tuorum
567 1426 751 1483 consiliorum
771 1427 964 1503 reprimendo

125 1526 188 1563 rum
206 1524 292 1563 causa
307 1504 505 1583 profugerunt
526 1557 529 1562 .
547 1504 626 1562 Num
643 1504 759 1562 infitiari
775 1512 858 1582 potes
870 1514 901 1563 te
914 1506 965 1565 illo

124 1585 188 1662 ipso
200 1585 246 1642 die
259 1585 332 1641 meis
342 1585 498 1662 praesidiis,
507 1604 572 1642 mea
585 1584 734 1661 diligentia
747 1585 964 1644 circumclusum

125 1683 307 1722 commorere
326 1670 355 1721 tc
376 1671 476 1721 contra
495 1683 555 1722 rem
579 1663 724 1740 publicam
748 1683 806 1721 non
827 1665 963 1742 potuisse,

125 1761 191 1800 cum
205 1751 234 1802 te
249 1743 374 1802 discessu
389 1750 547 1801 ceterorum
564 1749 662 1800 nostra
675 1750 780 1813 tamen,
793 1743 843 1820 qui
856 1762 965 1802 reman-

125 1822 266 1893 sissemus,
279 1822 364 1880 caede
386 1829 553 1880 contentum
574 1841 634 1880 esse
655 1821 787 1881 dicebasl
828 1829 853 1880 8.
870 1822 965 1891 Quidl

125 1921 191 1958 cum
211 1908 241 1959 te
262 1901 415 1960 Praeneste
435 1901 574 1958 Kalendis
594 1901 664 1977 ipsis
685 1901 896 1959 Novembribus
920 1909 965 1960 'oc-

125 1987 458 2056 cupaturum,nocturno
478 1981 590 2058 impetn
614 1999 674 2038 esse
698 1980 862 2052 confideres,
880 1981 965 2038 sensi·

125 2060 199 2117 stine
209 2059 287 2116 illam
299 2060 441 2118 coloniam
455 2079 521 2118 meo
532 2060 611 2116 iussu
624 2060 696 2117 meis
705 2060 861 2136 praesidiis,
873 2067 966 2118 custo-

125 2138 181 2195 diis
194 2137 355 2216 vigiliisque
371 2158 431 2197 esse
444 2139 607 2196 munitaml
643 2137 723 2195 Nihil
738 2139 807 2215 agis,
819 2139 891 2196 nihil
905 2159 966 2197 mo·

15 2235 23 2251 ·
125 2216 193 2289 liris,
205 2217 278 2274 nihil
297 2218 415 2296 cogitas,
428 2219 497 2296 quin
519 2237 573 2296 ego
594 2237 653 2276 non
670 2217 758 2275 modo
776 2219 898 2289 audiam,
915 2219 965 2278 sed

125 2297 212 2353 etiam
236 2295 349 2355 videam
373 2297 513 2375 planeque
538 2297 668 2354 sentiam.
711 2296 763 2355 IV.
781 2297 965 2375 Recognosce

125 2394 238 2433 mecum
259 2377 376 2434 tandem
397 2384 512 2434 noctem
533 2377 612 2434 illam
632 2376 823 2453 superiorem:
845 2377 903 2433 iam
924 2377 965 2434 iu·

125 2454 236 2531 telliges
255 2455 347 2513 multo
368 2475 415 2513 me
431 2456 548 2533 vigilam
569 2455 661 2513 acuns
680 2454 718 2512 ad
738 2455 858 2512 salutem
879 2475 965 2532 quam

125 2538 154 2590 te
173 2533 211 2591 ad
223 2535 378 2611 perniciem
397 2535 437 2592 rei
453 2534 592 2611 publicae
634 2534 709 2592 Dico
725 2541 754 2591 tc
770 2535 864 2610 priore
881 2541 965 2592 nocte

126 2612 235 2670 venisse
251 2613 326 2671 inter
342 2613 584 2671 falcarios-non
604 2632 687 2690 agam
707 2613 908 2671 obscure-in
924 2611 963 2672 M.

126 2688 232 2748 Laecae
249 2691 386 2750 domum:
409 2693 573 2750 convenisse
591 2693 692 2750 eodem
713 2691 874 2768 complures
894 2692 965 2749 eius·

126 2768 192 2826 dem
209 2771 350 2828 amentiae
367 2771 533 2847 scelerisque
555 2771 654 2828 socios.
697 2770 777 2828 Num
797 2790 900 2848 negare
918 2789 965 2827 au·

126 2846 195 2906 dcsl
216 2849 286 2926 quid
301 2851 396 2907 taccsl
416 2850 592 2920 convincam,
604 2850 628 2907 si
644 2868 739 2927 negas
775 2850 871 2909 Video
887 2850 965 2908 enim

126 2945 189 2984 esse
201 2927 247 2985 hic
264 2929 294 2986 in
311 2935 411 2986 senatu
428 2928 576 3004 quosdam,
589 2928 638 3006 qui
654 2934 750 2986 tecum
766 2949 825 2987 nna
838 2929 963 2988 fuerunt.

128 3011 154 3063 9.
173 3005 240 3064 Odi
253 3007 444 3065 immortales!
466 3007 583 3064 ubinam
596 3007 726 3084 gentium
741 3010 858 3066 sumusl
879 3027 965 3086 quam
1051 3063 1054 3068 .

127 3103 186 3142 rem
201 3086 347 3163 publicam
356 3085 512 3144 habemusl
532 3086 630 3164 inqua
643 3084 863 3145 urbevivimusl
897 3088 964 3158 Hic,

127 3161 174 3222 hic
188 3172 263 3236 sunt,
274 3166 304 3222 in
320 3171 420 3223 nostro
436 3181 564 3235 numero,
576 3172 671 3242 patres
687 3167 849 3244 conscripti,
862 3167 892 3224 in
904 3166 965 3248 *hoc
