2262 3418
388 118 477 170 'CAR
493 119 650 181 vu-vm„
666 117 680 179 §
694 121 782 171 14-19.
967 123 1014 170 125

174 221 318 280 delectant
334 220 422 292 domi,
434 239 493 278 non
509 221 672 299 impediunt
688 221 767 295 ioris,
780 228 950 300 pernoctant
965 196 1015 280 no

173 300 293 371 biscum,
305 300 529 378 peregrinantur,
541 300 720 360 rusticantur.

216 381 261 439 17.
278 379 364 450 Quod
374 381 398 438 si
412 380 468 457 ipsi
481 379 551 438 haec
565 400 658 458 neque
672 381 812 460 attingere
822 401 915 462 neque
930 403 1014 442 sensu

173 467 272 518 nostro
293 467 407 542 gustare
427 479 584 537 possemus,
602 467 699 518 tamen
723 481 757 519 ea
779 463 877 520 mirari
901 463 1015 522 debere
1107 499 1111 508 ·

172 559 245 612 mus,
261 540 348 598 etiam
362 559 428 598 cum
442 541 472 596 in
489 539 552 596 aliis
566 540 735 599 videremus
777 540 860 600 VIIL
877 540 948 611 Quis
964 562 1014 600 no

173 626 264 676 strum
291 627 351 678 tam
376 620 473 678 animo
494 619 599 696 agresti
620 639 652 677 ac
676 620 750 678 duro
773 620 839 693 fnit,
857 629 891 679 ut
914 622 1012 685 Roscii

172 706 266 757 morte
282 719 373 778 nuper
388 719 447 757 non
464 701 711 758 commoveretur?
732 700 865 777 quicum
882 708 956 760 esset
973 721 1014 760 se

171 797 227 837 nex
247 787 386 852 mortuus,
401 787 498 838 tamen
519 785 638 857 propter
658 779 844 838 excellentem
864 787 955 838 artem
979 801 1012 839 ac

172 866 350 918 venustatem
374 859 525 917 videbatur
547 860 667 917 omnino
689 859 764 917 mori
787 879 847 917 non
871 860 1010 919 debuisse.

171 937 249 1016 Ergo
270 939 318 998 ille
337 941 465 1016 corporis
487 946 570 997 motu
589 945 704 997 tantum
725 959 852 998 amorem
873 939 927 997 sibi
947 959 1013 998 eon·

171 1018 280 1076 ciliarat
290 1039 308 1076 a
320 1019 405 1076 nobis
418 1018 569 1076 omnibus:
591 1038 644 1076 nos
658 1019 819 1076 animorum
831 1019 1012 1077 incredibiles

170 1103 268 1154 motus
282 1098 512 1174 celeritatemque
525 1098 707 1174 ingeniorum
724 1097 921 1175 negligemus?
964 1104 1009 1158 18.

171 1174 311 1244 Quotiens
325 1195 379 1253 ego
393 1176 470 1234 hunc
480 1175 618 1240 Archiam
628 1176 697 1247 vidi,
707 1177 920 1236 iudices—utar
933 1178 1011 1235 enim

170 1262 264 1313 vestra
278 1254 464 1332 benignitate,
477 1256 612 1332 quoniam
629 1275 676 1312 me
693 1257 722 1313 in
739 1256 795 1313 hoc
811 1275 887 1313 novo
908 1275 1011 1334 genere

170 1335 285 1392 dicendi
314 1342 389 1402 tam,
404 1335 557 1412 diligenter
586 1335 926 1412 attenditis-quotiens
955 1355 1010 1413 ego

169 1413 248 1472 hunc
261 1414 330 1487 vidi,
346 1435 412 1472 cum
428 1415 553 1473 litteram
570 1415 728 1492 scripsisset
744 1415 860 1487 nnllam,
872 1434 1010 1493 magnum

169 1513 321 1554 numerum
349 1495 526 1572 optimorum
549 1514 681 1552 versuum
707 1495 742 1552 de
766 1495 802 1552 iis
826 1495 895 1573 ipsis
916 1494 1008 1568 rebus,

170 1593 242 1652 quae
262 1581 326 1633 tum
349 1581 509 1652 agerentur,
525 1574 618 1632 dicere
642 1594 677 1632 ex
701 1576 847 1652 tempore!
877 1575 1010 1654 quotiens

168 1661 332 1715 revocatum
357 1655 488 1714 eamdem
508 1674 568 1712 rem
596 1654 690 1713 dicere
713 1655 898 1714 commutatis
915 1655 1009 1713 verbis

168 1742 255 1812 atque
277 1735 441 1794 sententiis!
483 1733 563 1803 Quae
583 1755 650 1793 vcro
677 1742 806 1794 accurate
828 1736 1009 1813 cogitateque

169 1814 334 1892 scripsisset,
347 1834 380 1874 ea
400 1815 440 1873 sic
460 1815 520 1872 vidi
535 1814 661 1896 probari,
673 1822 707 1873 ut
725 1815 762 1872 ad
778 1823 906 1874 veterum
923 1817 1009 1893 scrip-

168 1900 264 1952 torum
280 1894 394 1952 leudem
411 1895 578 1972 perveniret.
622 1895 709 1952 Hunc
730 1914 784 1972 ego
803 1915 860 1953 non
879 1896 1007 1974 diligam,

168 1992 228 2030 non
248 1973 379 2045 admirer,
396 1993 456 2031 non
479 1973 560 2030 omni
583 1974 695 2032 ratione
718 1974 932 2033 defendendum
957 1995 1009 2054 pu·

168 2053 249 2110 teml
282 2051 381 2129 Atque
396 2052 435 2110 sie
452 2072 470 2110 a
485 2053 605 2110 summis
618 2052 784 2111 hominibus
798 2055 1009 2113 eruditissimis-

170 2149 225 2208 que
245 2132 413 2208 accepimus,
429 2138 587 2190 ceterarum
606 2151 700 2190 rernm
721 2133 816 2190 studia
832 2141 861 2191 et
877 2134 1008 2192 doctrina

168 2218 199 2268 et
217 2211 377 2288 praeceptis
401 2217 431 2268 et
450 2218 510 2271 arte
531 2217 668 2282 constare,
686 2218 804 2289 poetam
824 2219 927 2270 natura
946 2214 1008 2291 ipsa

168 2290 260 2348 valere
274 2297 303 2349 et
316 2290 422 2348 mentis
435 2290 544 2356 viribus
558 2291 674 2349 excitari
689 2299 718 2349 et
731 2292 812 2369 quasi
826 2292 925 2350 divino
939 2313 1008 2370 qno·

168 2370 235 2428 dam
253 2371 355 2448 spiritu
371 2369 472 2428 inflari.
514 2369 579 2438 Qua
592 2390 621 2428 re
638 2390 690 2429 suo
704 2371 765 2429 iure
781 2378 878 2430 noster
891 2371 938 2432 ille
952 2373 1008 2431 En-

168 2451 233 2508 nius
249 2457 363 2508 sanctos
379 2449 503 2528 appellat
516 2457 626 2528 poetas,
639 2451 718 2528 quod
732 2451 813 2528 quasi
827 2451 946 2509 deornm
960 2453 1008 2511 ali·

168 2549 227 2608 quo
243 2530 321 2588 dono
337 2537 423 2608 atque
443 2550 561 2588 munere
577 2531 771 2589 commendati
791 2530 875 2589 nobis
892 2551 952 2590 esse
968 2533 1008 2590 vi-

168 2609 296 2668 deantur.
340 2615 386 2669 19.
402 2610 447 2669 Sit
462 2611 559 2687 igitur,
571 2611 687 2683 iudices,
703 2623 833 2669 sanetum
854 2612 931 2690 apud
947 2631 1006 2684 vos,

167 2689 390 2748 humanissimos
417 2690 556 2761 homines,
576 2690 632 2748 hoe
661 2697 766 2768 poetae
795 2711 910 2763 nomen,
929 2692 1007 2769 quod

167 2768 246 2827 nulla
259 2789 396 2847 umquam
409 2769 539 2827 barbaria
551 2770 675 2828 violavit.
709 2770 783 2829 Saxa
796 2778 825 2829 et
839 2771 1007 2847 solitudines

167 2850 232 2908 voci
253 2849 434 2926 respondent,
449 2848 556 2908 bestiae
577 2869 660 2927 saepe
681 2850 820 2908 immanes
840 2857 925 2908 cantu
943 2849 1007 2908 flec-

166 2935 269 2988 tuntur
281 2936 368 3006 atque
384 2929 560 2986 consistunt:
582 2948 635 2986 nos
649 2930 774 2988 instituti
791 2930 875 2987 rebus
889 2930 1006 3006 optimis

167 3027 227 3066 non
251 3015 403 3086 poetarum
425 3027 493 3066 voce
517 3011 714 3068 moveamurt·
740 3010 901 3067 Homerum
922 3008 1006 3066 Colo

166 3087 269 3166 phonii
297 3088 388 3146 civem
413 3107 473 3146 esse
494 3087 594 3146 dieunt
614 3108 707 3159 snum,
725 3088 791 3146 chii
812 3107 894 3145 sunm
916 3088 1006 3146 vindi-

167 3173 242 3240 cant,
257 3166 406 3228 Salaminii
425 3174 567 3248 repetunt,
582 3167 733 3248 Smyrnaei
753 3185 924 3228 verounum
945 3185 1006 3228 esse
