2262 3418
128 111 161 160 os
326 105 397 160 rao
413 76 443 159 u.
459 108 615 160 unauna
631 107 774 160 ounrro.

129 182 250 281 tristem,
274 209 451 268 demissuml
484 209 565 282 iacet,
591 208 704 282 diffidit,
730 209 835 268 abiecit
865 193 973 271 hastas.¹¹

130 291 226 367 Serpit
241 289 289 347 hic
305 307 419 348 rumor:
442 289 505 348 Scis
520 296 553 347 tu
569 289 650 347 illum
667 290 877 348 accusationem
894 292 972 368 cogi-

129 377 198 442 tare,
208 370 349 448 inquirere
362 369 394 427 in
408 369 618 447 competitores,
628 375 715 427 testes
726 371 876 447 quaereret
909 371 972 429 Ali-

130 470 180 512 um
200 449 314 520 faciam,
332 449 468 528 quoniam
492 448 547 506 sibi
567 448 615 506 hic
636 449 698 526 ipse
719 448 857 526 desperat
899 449 971 508 Eius

130 529 211 588 modi
224 529 442 587 candidatorum
458 529 544 587 amici
557 529 654 587 intimi
668 528 862 602 debilitantur,
874 530 972 588 studia

130 610 288 688 deponunt,
298 617 458 686 susceptam
472 628 532 667 rem
546 608 686 667 abiiciunt
699 616 748 667 aut
758 628 839 667 suam
853 628 970 687 operam

129 697 160 748 et
175 690 296 768 gratiam
313 689 421 748 iudicio
440 696 469 747 et
485 688 659 747 accusationi
676 696 826 748 reservant
868 689 968 748 XXII

130 769 252 829 Accedit
268 770 378 842 eodem,
390 776 423 827 ut
436 769 523 827 etiam
537 769 599 846 ipse
615 769 784 826 candidatus
800 775 895 828 totum
912 770 971 827 ani-

130 871 210 908 mum
231 857 317 927 atque
337 868 453 907 omnem
473 856 584 920 curam,
597 867 713 926 operam
734 848 970 926 diligentiamque

130 949 211 989 suam
231 930 261 987 in
283 929 423 1007 petitione
444 948 503 987 non
524 929 616 1006 possit
636 948 750 1007 ponere.
792 929 971 1006 Adiungitur

130 1011 207 1069 enim
223 1009 411 1068 accusationis
427 1009 574 1087 cogitatio,
586 1028 645 1067 non
659 1028 747 1086 parva
759 1029 811 1080 res,
824 1009 875 1066 sed
887 1009 971 1066 nimi·

129 1109 194 1148 rum
213 1089 343 1148 omnium
362 1083 493 1149 mariima
536 1090 675 1167 Magnum
694 1096 737 1147 est
753 1089 831 1148 enim
846 1095 876 1147 te
894 1108 971 1147 com·

129 1189 228 1248 parare
249 1189 290 1240 ea,
308 1169 412 1247 quibus
433 1170 526 1248 possis
545 1169 694 1227 hominem
715 1189 731 1227 e
751 1169 875 1240 civitate,
892 1188 971 1247 prae-

130 1251 228 1308 sertim
245 1269 303 1308 non
321 1249 438 1329 inopem
455 1269 547 1328 neque
563 1248 717 1321 infirmum,
733 1248 898 1307 exturbare:
920 1250 970 1327 qui

130 1337 160 1388 et
175 1349 227 1408 per
245 1349 275 1389 se
294 1336 323 1388 et
339 1349 390 1408 per
408 1349 475 1387 snos
494 1337 523 1387 et
539 1349 606 1388 vero
625 1329 711 1386 etiam
729 1347 780 1406 per
798 1329 906 1388 alienos
923 1329 971 1387 de·

129 1410 271 1468 fendatur.
307 1409 416 1469 Omnes
429 1410 506 1467 enim
517 1405 554 1466 ad
564 1409 689 1486 pericula
699 1408 892 1487 propulsanda
905 1429 971 1467 con·

130 1491 270 1548 currimus
286 1496 315 1548 et
330 1490 450 1567 quinon
468 1496 564 1566 aperte
579 1489 688 1547 inimici
703 1507 809 1560 sumus,
821 1489 908 1547 etiam
922 1489 971 1546 ali-

130 1569 272 1627 enissimis
292 1570 322 1626 in
344 1569 446 1646 capitis
466 1568 599 1646 periculis
619 1569 857 1626 amicissimorum
878 1568 972 1640 officia

131 1657 160 1708 et
179 1649 274 1708 studia
292 1656 476 1726 praestamus.
519 1653 566 1706 46.
588 1646 700 1717 Quare
719 1668 772 1725 ego
792 1656 925 1725 expertus
941 1655 971 1706 et

130 1729 248 1807 petendi
261 1736 290 1786 et
304 1728 479 1786 defendendi
493 1734 522 1787 et
536 1728 687 1786 accusandi
699 1727 860 1786 molestiam
875 1729 916 1788 sic
929 1729 972 1785 in-

131 1809 243 1866 tellexi:
264 1809 295 1866 in
311 1808 437 1886 petendo
456 1808 583 1866 studium
603 1827 663 1866 esse
682 1808 860 1880 acerrimum,
874 1808 905 1866 in
924 1808 972 1866 de·

130 1887 435 1960 tendendo-officium,
455 1889 485 1945 iu
510 1888 669 1946 accusando
693 1887 827 1946 laborem.
869 1888 971 1966 Itaque

131 1969 171 2027 sic
192 1976 296 2040 statuo,
313 1967 374 2026 fieri
395 1968 474 2026 nullo
496 1968 585 2026 modo
605 1987 689 2045 posse
710 1975 743 2025 ut
763 1967 840 2024 idem
861 1987 972 2026 accusa·

130 2049 240 2107 tionem
259 2056 288 2106 et
306 2048 475 2126 petitionem
497 2047 660 2106 consulatus
679 2048 831 2125 diligenter
851 2047 972 2106 adornet

131 2136 216 2206 atque
246 2128 376 2187 instruat.
426 2127 527 2187 Unum
558 2128 697 2186 sustinere
726 2128 810 2205 pauci
840 2135 969 2205 possunt,

116 2207 284 2287 'utrumque
297 2227 391 2267 nemo.
429 2207 482 2280 Tu,
495 2227 560 2266 curn
574 2215 604 2266 te
618 2209 654 2266 de
668 2207 807 2266 curriculo
821 2207 971 2285 petitionis

130 2288 293 2349 deflexisses
309 2289 494 2367 animumque
510 2289 548 2346 ad
563 2288 754 2346 accusandum
770 2287 969 2360 transtulisses,

131 2369 300 2427 existimasti
323 2375 353 2426 te
377 2369 491 2446 utrique
514 2368 632 2446 negotio
660 2367 845 2426 satisfacere
869 2369 971 2445 posset

131 2449 324 2507 Vehementer
351 2449 457 2506 errasti
500 2446 572 2517 Quis
598 2448 676 2506 enim
700 2447 762 2505 dies
784 2447 851 2518 fuit,
871 2454 972 2525 postea

131 2528 267 2606 quam'in
285 2528 370 2585 istam
391 2527 542 2586 accusandi
561 2528 809 2586 denuntiationem
827 2527 972 2604 ingressus
1082 2537 1088 2545 ·

131 2627 169 2678 es,
179 2626 264 2685 quern
278 2613 312 2664 tu
325 2626 384 2665 non
398 2614 493 2666 totum
507 2607 538 2665 in
552 2607 607 2666 ista
620 2608 730 2665 ratione
744 2607 971 2684 consumpserisl

131 2686 245 2746 XXIII.
268 2685 374 2764 Legem
391 2687 516 2746 ambitus
532 2686 675 2764 flagitasti,
691 2706 762 2765 quae
778 2686 833 2744 tibi
850 2705 908 2743 non
925 2686 973 2743 de-

131 2773 199 2825 erat
239 2766 310 2824 Erat
325 2767 403 2824 enim
419 2767 594 2824 severissime
611 2767 717 2843 scripta
733 2765 903 2843 Calpurnia:
925 2784 973 2842 ge·

131 2853 192 2904 stus
206 2851 249 2904 est
263 2865 327 2903 mos
340 2853 370 2904 et
382 2845 524 2904 voluntati
538 2853 567 2903 et
580 2846 717 2923 dignitati
730 2852 804 2904 tuac.
840 2844 898 2903 Sed
909 2851 972 2902 tota

131 2924 180 2982 illa
206 2924 252 2982 lex
279 2925 489 2983 accusationem
515 2931 604 2996 tuam,
627 2925 650 2982 si
674 2925 792 2982 haberes
819 2932 971 2982 nocentem
1003 2989 1007 2998 Ι

131 3023 220 3074 reum,
230 3004 352 3062 fortasse
366 3008 517 3061 armasset:
536 3004 672 3080 petitioni
682 3023 749 3062 vero
763 3004 906 3081 refragata
918 3010 969 3062 est

132 3083 179 3141 47.
199 3083 299 3140 Poena
310 3081 423 3159 gravior
432 3081 463 3138 in
475 3081 589 3159 plebem
599 3090 650 3141 tua
660 3103 729 3141 voce
743 3082 898 3160 efflagitata
911 3088 970 3141 est:

131 3160 271 3226 commoti
284 3159 374 3218 animi
387 3161 569 3223 tenuiorum:
589 3161 721 3222 exsilium
735 3161 766 3221 in
782 3169 912 3222 nostrum
929 3180 972 3220 or
