2262 3412
425 79 505 131 CAP.
521 80 650 142 IV.-VI.',
667 77 682 140 1
697 81 770 134 8-12.
985 84 1017 134 ’11

176 180 278 261 populi
291 181 415 240 Romani
425 180 545 258 posthae
555 180 702 259 popularis
716 196 776 238 esse
789 180 898 258 possit:
919 180 1019 240 adium

163 263 221 340 ‘git
239 262 327 320 etiam
347 261 572 338 publicationem
588 261 740 331 bonorum,
755 267 789 318 ut
809 279 909 318 omnes
929 261 1019 320 animi

177 342 318 400 cruciatus
329 346 359 399 et
368 340 496 418 corporis
507 341 594 398 etism
609 346 719 418 egestas
729 358 762 398 ac
772 340 943 399 mendicitas
953 359 1019 398 con·

177 441 208 479 se
228 428 320 479 uatur.

209 441 270 560 qVI.
308 505 353 558 11.
370 498 463 568 Quam
480 499 518 558 ob
534 518 603 578 rem,
616 499 675 557 1111
688 499 745 558 hoc
759 499 923 571 statueritis,
936 498 1019 558 dede·

177 581 241 639 ritis
251 579 324 638 mihi
335 580 471 638 comitem
480 579 519 646 nd
529 579 694 637 contionem
705 578 815 656 populo
826 598 923 637 carum
933 586 1067 656 etque„

177 659 343 731 iucundum,
357 660 415 717 sive
426 659 516 717 Sileni
527 658 698 717 senteutiam
710 659 791 737 sequi
800 658 966 731 malueritis,
978 659 1020 717 fa·-

178 739 231 798 cile
247 759 295 798 me
311 747 396 816 atque
412 759 463 796 vos
484 737 661 796 crudelitatis
681 739 891 815 vituperatione
932 738 1019 815 opulo

142 828 143 831 ’
178 807 511 956 1101111Ξ1ἶ111111111111,
529 825 615 896 atque
636 817 774 877 obtinebo
795 838 858 877 earn
873 837 904 875 m
935 825 966 875 to
983 817 1020 875 le·

178 899 288 958 niorem
319 899 401 958 uisse.
444 898 634 976 Quamquam,
649 905 745 976 patres
769 899 932 976 conscripti,
948 916 1020 975 quse

178 986 344 1056 potestesse
358 979 389 1036 in
403 979 477 1037 tanti
492 978 604 1037 sceleris
614 979 794 1037 immanitate
803 977 950 1056 punienda
960 997 1020 1035 cru-

104 1120 107 1124 ,
179 1058 299 1117 (11111111
339 1058 403 1136 Ego
417 1059 495 1116 enim
510 1057 546 1116 de
561 1077 627 1116 meo
645 1078 729 1116 sensu
742 1059 847 1117 iudico.
890 1057 965 1116 Nam
979 1058 1021 1116 ita

178 1139 252 1198 mihi
266 1138 342 1196 salva
355 1158 385 1196 re
398 1137 514 1215 publica
524 1137 673 1196 vobiscum
687 1139 796 1216 perimi
810 1139 902 1208 liceat,
912 1144 945 1196 ut
956 1155 1019 1214 ege,

179 1218 259 1295 quod
275 1219 305 1276 in
321 1217 375 1276 hac
395 1237 481 1276 causa
496 1217 693 1276 vehementior
709 1237 781 1290 snm,
796 1237 854 1276 non
871 1217 1020 1276 atrocitate

179 1298 269 1356 enimi
291 1298 534 1376 moveor—quis
556 1305 599 1355 est
623 1298 700 1358 enim
724 1317 771 1355 me
794 1295 1022 1355 mitiori—sed

179 1377 317 1456 singulari
338 1378 462 1456 quadam
482 1377 661 1436 humanitate
681 1384 711 1436 11
726 1377 927 1435 misericordia
970 1374 1022 1435 Vi·

180 1459 250 1517 deor
266 1458 343 1516 enim
359 1457 432 1516 mihi
446 1456 542 1516 videre
555 1457 629 1515 hanc
643 1457 752 1530 urbem,
764 1457 857 1514 lucem
875 1455 951 1514 orbis
967 1462 1022 1514 ter·

179 1557 276 1596 rarum
289 1545 482 1675 atqcfiarcem
499 1538 629 1595 omnium
643 1537 782 1614 gentium,
798 1537 894 1594 subito
908 1554 966 1594 uno
979 1535 1023 1592 in-

180 1618 283 1676 cendio
304 1636 359 1675 con
387 1617 520 1675 dentem:
542 1636 627 1676 cerno
648 1618 746 1675 animo
760 1617 872 1694 sepulta
884 1616 915 1673 in
929 1615 1022 1693 patria

180 1699 300 1756 miseros
322 1704 407 1774 atque
427 1697 587 1775 insepultos
609 1717 723 1755 acervos
746 1697 869 1754 civium:
895 1702 1022 1754 versatur

180 1777 254 1834 mihi
267 1783 334 1835 aute
351 1776 449 1835 oculos
465 1784 596 1852 aspectus
609 1776 732 1854 Cethegi
748 1782 778 1835 et
790 1776 872 1834 furor
885 1776 916 1832 in
929 1782 1023 1833 vestra

181 1857 268 1914 caede
281 1855 453 1914 bacchantis.
490 1861 535 1914 12.
551 1855 627 1914 Cum
640 1875 707 1914 vero
723 1855 797 1914 mihi
809 1855 948 1933 proposui
961 1873 1023 1932 reg·
1036 1928 1038 1933 .

181 1942 299 1992 nantem
310 1935 472 2006 Lentulum,
484 1935 558 1993 sicut
571 1936 632 2012 ipse
646 1955 676 1992 se
690 1955 815 2012 sperasse
830 1955 864 1993 ex
874 1935 943 1993 fatis
957 1953 1023 1993 cou-

164 2024 167 2030 '
182 2014 275 2071 fessus
286 2021 336 2085 est,
348 2021 537 2091 purpuratum
548 2033 608 2072 esse
618 2014 686 2072 huic
696 2013 860 2087 Gabinium,
871 2034 936 2072 cum
947 2033 1020 2072 exer

183 2093 243 2151 citu
260 2095 370 2151 venisse
386 2093 548 2166 Catilinam,
564 2101 627 2151 tum
643 2094 877 2158 lamentationem
898 2101 1022 2151 matrum

183 2173 316 2243 familias,
333 2180 397 2231 tum
417 2173 518 2250 fugam
540 2173 683 2250 virginum
705 2180 791 2250 atque
812 2192 966 2250 puerorum
990 2191 1023 2230 ac

184 2253 363 2311 vexationem
377 2251 521 2330 virginum
532 2252 692 2311 Vestalium
706 2252 1025 2329 perhorresc0,1et,quia

183 2333 257 2390 mihi
273 2333 456 2391 vehementer
475 2331 545 2390 haec
566 2332 699 2390 videntur
719 2332 823 2389 misera
836 2338 922 2409 atque
941 2332 1025 2389 mise

183 2413 281 2485 nanda,
292 2411 399 2471 idcirco
415 2413 446 2469 in
467 2431 524 2484 eos,
537 2411 587 2488 qui
603 2431 637 2470 ea
656 2409 790 2488 perficere
806 2411 965 2484 voluerunt,
977 2411 1024 2468 me

185 2512 314 2551 severum
324 2493 579 2570 vehementemque
592 2491 755 2586 praehebffl
778 2490 895 2550 Etenim
910 2511 1023 2570 quaero,

185 2573 209 2629 si
226 2573 290 2650 quis
306 2572 532 2650 paterfamilias,
545 2571 642 2630 liberis
658 2571 716 2636 suis
730 2591 748 2629 a
761 2591 841 2630 servo
855 2571 1023 2643 interfectis,

184 2671 273 2710 uxore
287 2652 387 2723 occisa,
399 2651 515 2710 incensa
528 2652 624 2723 domo,
637 2652 810 2730 supplicium
820 2652 856 2710 de
871 2672 951 2710 servo
965 2671 1025 2709 non

186 2751 272 2809 quam
289 2730 502 2790 acerbissimum
519 2732 680 2809 sumpserit,
692 2739 790 2791 utrum
806 2732 831 2790 is
851 2733 976 2805 clemens
992 2750 1025 2788 ac

185 2812 345 2870 misericors
365 2829 402 2868 an
418 2811 672 2870 inhumanissimus
692 2817 722 2870 et
737 2811 948 2870 crudelissimus
965 2829 1025 2870 esse

186 2891 334 2950 videaturl
368 2890 442 2949 Mihi
452 2910 519 2949 vero
530 2892 713 2968 importunus
726 2911 759 2950 ao
772 2893 889 2964 ferreus,
902 2892 952 2969 qui
966 2910 1025 2948 non

187 2970 285 3030 dolore
295 2977 324 3030 et
338 2971 464 3029 cruciatu
477 2972 607 3029 nocentis
622 2991 704 3029 suum
716 2971 844 3030 dolorem
858 2971 1026 3029 cruciatum-

188 3070 243 3128 que
256 3051 381 3110 lenieret.
417 3050 465 3108 Sic
478 3070 532 3108 nos
545 3052 575 3108 in
589 3051 635 3108 his
648 3050 823 3122 hominihus,
836 3051 886 3128 qui
902 3070 963 3123 nos,
976 3051 1026 3128 qui
1091 3117 1094 3124 ⁴

187 3131 331 3209 coniuges,
344 3131 394 3210 qui
407 3129 512 3190 liberos
525 3137 638 3190 nostros
651 3131 792 3204 trucidare
805 3131 963 3211 voluerupt,
977 3131 1026 3208 qui
