2262 3418
352 143 431 196 CAP.
446 143 679 204 XXIV.-XXVI.,
696 141 814 204 §la-54.
958 144 1004 192 101

163 249 205 307 rei
221 246 394 324 indignitate
413 245 554 305 decrevit:
575 265 643 304 nam
659 245 765 323 partim
782 243 847 303 ideo
866 245 956 302 fortes
974 244 1005 301 in

163 327 343 386 decernendo
363 345 422 383 non
443 332 531 398 erant,
547 325 614 403 quia
633 325 706 382 nihil
726 323 875 396 timebant,
890 325 1003 402 partim,

164 409 232 487 quia
259 405 418 464 timebant:
446 412 510 463 tum
537 405 632 482 erupit
656 425 672 462 e
696 411 804 476 senatu,
824 403 1005 482 triumphans

163 487 278 566 gaudio,
295 505 380 564 quem
401 485 520 543 omnino
539 485 635 542 vivum
654 484 732 542 illinc
751 485 826 542 exire
845 503 903 542 non
923 503 1006 562 opor-

163 574 273 626 tuerat:
295 565 461 644 praesertim
481 565 644 623 cumidem
663 564 710 623 ille
730 565 761 622 in
783 564 884 622 eodem
905 564 1005 624 ordine

163 647 262 725 paucis
279 646 380 704 diebus
396 652 462 703 ante
478 644 592 717 Catoni,
607 645 767 703 fortissimo
783 645 854 716 viro,
865 643 1003 702 iudicium

163 726 311 784 minitanti
329 745 362 784 ae
380 725 563 784 denuntianti
579 725 781 803 respondisset,
796 724 821 781 si
838 724 916 801 quod
932 732 1005 782 esset

164 807 195 864 in
206 826 269 864 snas
279 807 410 865 fortunas
420 806 586 864 incendium
597 806 760 876 excitatum,
771 804 802 862 id
812 823 841 862 se
852 823 911 861 non
922 822 1003 881 aqua,

162 887 215 946 sed
232 887 314 945 ruina
332 887 542 944 restincturum.
583 885 697 944 XXVI.
741 891 787 943 52.
810 883 866 941 His
884 890 946 942 tum
964 902 1005 942 rc·
1036 899 1038 906 ·
1098 887 1102 894 ’

163 967 217 1026 bus
230 974 401 1037 commotus,
412 973 442 1024 et
456 967 534 1045 quod
547 966 679 1023 homines
692 966 751 1023 iam
764 973 828 1026 tum
841 965 1004 1023 coniuratos

163 1067 229 1104 oum
245 1046 349 1124 gladiis
367 1047 404 1103 in·
417 1065 552 1122 campum
571 1045 674 1103 deduci
692 1064 710 1102 a
727 1044 852 1102 Catilina
870 1043 1002 1116 sciebam,

163 1125 298 1184 descendi
317 1126 347 1182 in
367 1144 501 1200 campum
519 1124 768 1184 cum'firmissimo
785 1124 928 1202 praesidio
946 1124 1004 1181 for·

163 1205 340 1262 tissimorum
354 1205 481 1261 virorum
497 1210 608 1262 etcum
624 1204 673 1261 illa
688 1203 746 1260 lata
761 1203 923 1281 insignique
940 1203 1004 1260 lori·

164 1303 204 1356 ca,
216 1303 275 1341 non
289 1303 362 1360 quae
378 1303 425 1341 me
438 1284 695 1360 tegeret-etenim
712 1282 835 1340 sciebam
850 1282 1003 1340 Catilinam

163 1383 222 1430 non
243 1363 317 1421 latus
338 1370 388 1421 aut
408 1371 544 1435 ventrem,
563 1364 614 1421 sed
634 1370 720 1441 caput
740 1370 769 1420 et
789 1361 893 1420 collum
915 1361 1004 1420 solere

163 1451 308 1521 petere-,
320 1463 418 1502 verum
436 1450 468 1501 ut
485 1463 585 1518 ompes
600 1443 670 1501 boni
687 1442 950 1513 animadverterent,
965 1450 1002 1514 et,

163 1543 229 1582 cnm
243 1525 274 1582 in
287 1531 367 1582 metu
384 1530 414 1582 et
427 1523 554 1601 periculo
571 1523 717 1582 consulem
731 1523 868 1594 viderent,
880 1522 912 1580 id
925 1521 1004 1599 quod

162 1612 207 1664 est
229 1605 348 1677 facturn,
369 1604 407 1662 ad
431 1623 516 1681 op'em
541 1603 771 1681 praesidiumque
795 1609 1002 1660 concurrerent.

163 1683 264 1762 Itaque
283 1703 349 1742 cum
368 1692 405 1756 te,
421 1683 509 1756 Serri,
525 1683 715 1742 remissiorem
731 1684 762 1740 in
779 1682 904 1760 petendo
923 1689 1005 1760 puta-

163 1772 234 1836 rent,
247 1763 401 1823 Catilinam
416 1771 446 1822 et
459 1783 510 1842 spe
527 1771 556 1822 ct
569 1764 727 1841 cupiditate
740 1761 950 1820 inflammatum
964 1762 1005 1820 vi·

163 1844 271 1916 darent,
289 1864 397 1916 omnes,
416 1845 466 1922 qui
486 1844 564 1902 illam
585 1845 621 1902 ab
642 1863 672 1901 re
692 1842 807 1920 publica
826 1850 936 1920 pestem
957 1842 1005 1902 de·
1043 1861 1046 1868 ·

162 1923 267 2000 pellere
280 1924 442 2002 cupiebant,
452 1925 489 1982 ad
500 1924 649 1996 Murenam
660 1924 798 1981 aestatim
812 1922 1002 1982 contulerunt.

164 2009 210 2060 53.
229 2003 335 2080 Magna
345 2010 388 2060 cst
398 2012 495 2061 autem
509 2003 634 2061 comitiis
648 2002 842 2061 consularibus
855 2003 1005 2079 repentina

164 2082 343 2140 voluntatum
363 2083 521 2153 inclinatio,
539 2083 706 2159 praesertim
730 2102 796 2140 cum
816 2082 947 2140 incubuit
966 2081 1004 2140 ad

163 2162 256 2219 virum
277 2161 386 2220 bonurn
407 2169 437 2220 et
456 2162 555 2220 multis
577 2162 639 2220 aliis
661 2162 834 2220 adiumentis
854 2162 1004 2240 petitionis

163 2249 304 2300 ornatum.
340 2241 397 2311 Qui
408 2261 473 2300 oum
484 2241 686 2299 honestissimo
699 2251 780 2320 patre
793 2250 878 2319 atque
892 2241 1005 2299 maiori·

163 2321 224 2394 bus,
239 2321 452 2384 modestissima
469 2321 667 2393 adolescentia,
682 2321 837 2380 clarissima
852 2321 1002 2398 legatione,

161 2409 295 2480 praetura
310 2401 432 2480 probata
448 2402 478 2459 in
494 2402 564 2473 iure,
576 2409 658 2479 grata
673 2401 706 2464 in
720 2421 845 2472 munere,
858 2408 958 2459 ornata
973 2403 1003 2460 in

162 2482 317 2559 provincia,
329 2482 448 2560 petisset
462 2481 615 2560 diligenter
630 2488 660 2540 et
673 2482 714 2539 ita
727 2481 854 2559 petisset,
866 2488 899 2539 ut
912 2501 1004 2559 neque

162 2562 285 2620 minanti
302 2562 414 2620 cederet
430 2580 523 2640 neque
541 2561 674 2639 cuiquam
690 2561 854 2633 minaretur,
869 2561 937 2618 huic
952 2562 1005 2618 mi·

162 2641 284 2701 randum
311 2649 355 2700 est
380 2661 487 2719 magno
515 2642 681 2701 adiumento
709 2641 850 2700 Catilinae
879 2641 1004 2700 subitam
1086 2716 1089 2719 Α

163 2740 244 2799 spem
258 2722 422 2780 consulatus
435 2722 613 2798 adipiscendi
626 2722 734 2780 fuissel
1085 2735 1090 2746 ·

204 2805 250 2859 54.
273 2801 302 2858 N
303 2821 358 2859 unc
374 2802 447 2859 mihi
463 2803 566 2860 tertius
582 2802 630 2860 ille
645 2802 725 2860 locus
743 2808 787 2861 est
803 2801 928 2880 reliquus
944 2819 1004 2858 ora·

163 2881 251 2939 tionis
266 2881 302 2940 de
318 2881 443 2941 ambitus
459 2881 634 2954 criminibus,
646 2889 834 2959 perpurgatus
848 2882 884 2939 ab
898 2881 941 2951 iis,
953 2880 1003 2956 qui

163 2968 230 3019 ante
246 2981 293 3020 me
310 2961 481 3034 dirempta
496 2981 551 3033 me,
563 2963 700 3039 quoniam
714 2962 755 3019 ita
771 2961 890 3019 Murena
902 2959 1002 3030 voluit,

164 3041 372 3099 retractandus:
393 3060 451 3119 quo
464 3041 495 3098 in
506 3041 570 3099 loco
584 3040 616 3100 C.
625 3041 773 3112 Postumo,
784 3039 917 3098 familiari
927 3058 1002 3110 meo,

165 3122 345 3180 ornatissimo
362 3121 432 3194 viro,
448 3121 484 3180 de
501 3121 657 3179 divisorum
674 3121 788 3180 indiciis
806 3126 835 3177 et
852 3119 888 3176 de
907 3118 1006 3196 depre=

165 3199 260 3260 heusis
280 3202 417 3280 pecuniis,
432 3201 606 3262 adolescenti
624 3201 774 3283 ingenioso
795 3205 824 3258 et
842 3197 1002 3271 bono„Scr.
