2262 3418
292 169 298 178 ·
377 137 798 203 oar.x1x.-xxr.,§404a·
956 140 1004 211 Ιιι

163 261 209 301 res
225 241 340 320 publica
354 241 610 320 liberalitatisque
626 262 693 300 usus
709 242 815 300 multas
832 243 886 300 sibi
902 242 1002 316 tribus,

165 342 236 401 quae
247 323 412 399 municipiis
421 322 560 382 Umbriae
571 321 768 394 conficiuntur,
778 322 925 380 adiunxit:
942 323 1004 401 ipse

164 411 260 461 autem
281 403 311 459 in
332 401 425 460 Gallia
446 409 479 460 ut
499 403 590 460 nostri
610 401 742 460 homines
764 402 925 480 desperatas
945 403 1003 460 iam

164 484 298 575 pecunias
319 482 467 560 exigerent
486 483 569 560 aequi
571 489 636 540 tate
648 482 853 560 diligentiaque
873 483 1002 576 perfecit.

164 563 262 620 Tu't
218 570 262 620 rnt
264 582 327 622 crea
340 563 449 620 Romae
464 562 570 620 scilicet
584 562 684 620 amicis
698 570 811 640 praesto
826 563 915 620 fuisti.
954 564 1004 622 Fa

163 649 239 701 teor:
258 643 308 701 sed
317 637 414 701 tamen
425 642 498 700 illud
508 643 611 721 cogita,
621 661 680 700 non
691 643 835 725 nullorum
846 644 1003 702 amicorum

163 723 258 780 studia
273 723 366 781 minui
383 723 496 782 solere
488 742 519 780 m
536 742 593 796 eos,
608 742 626 781 a
642 722 746 802 quibus
762 719 922 800 provincias
939 743 1004 782 con-

162 803 252 860 temni
266 804 439 882 intelligunt.
512 839 514 844 ι
1011 811 1013 816 ’

202 883 285 943 XXI.
330 890 377 942 43.
402 885 442 942 Ει
466 883 602 962 quoniam
627 883 749 956 ostendi,
768 883 886 955 iudices,
905 903 1003 962 parem

80 1019 85 1029 ,
162 962 332 1040 dignitatem
347 965 384 1022 ad
395 963 558 1022 consulatus
572 963 753 1056 petitionem,
761 928 902 1041 disparein
914 965 1004 1022 fortu-

162 1061 229 1099 nam
247 1044 466 1121 provincialium
484 1043 692 1136 negotiorum
684 1063 714 1099 ιιι
732 1043 851 1101 Murena
869 1045 980 1122 atque
973 1063 1002 1101 ιιι

162 1121 290 1198 Sulpicio
306 1123 404 1194 fuisse,
416 1123 532 1180 dicam
524 1141 581 1180 1am
599 1123 746 1198 apertius'
739 1141 769 1179 m
786 1142 844 1201 quo
860 1143 941 1180 meus
957 1143 1004 1182 ne-

162 1202 298 1259 cessarius
318 1167 407 1260 suerii
426 1202 546 1260 inferior
566 1201 688 1272 Servius,
704 1211 734 1259 et
754 1221 788 1259 ea
808 1202 901 1260 dicam
922 1203 1004 1260 vobis

162 1280 352 1353 audientibus,
370 1282 475 1339 amisso
495 1282 553 1338 iam
574 1288 712 1359 tempore,
731 1300 803 1358 quae
823 1281 879 1359 ipsi
900 1282 953 1339 soli
973 1302 1003 1340 re

161 1360 274 1438 integra
293 1381 377 1439 saepe
397 1362 465 1420 dixi.
508 1361 610 1420 Petere
634 1359 814 1419 consulatum
836 1361 944 1419 nescire
964 1369 1001 1434 te,

162 1439 250 1513 Servi,
265 1461 400 1519 persaepe
418 1441 473 1499 tibi
490 1441 567 1500 dixi:
589 1447 619 1499 et
633 1441 665 1499 in
681 1441 718 1498 iis
736 1441 820 1498 rebus
838 1441 917 1519 ipsis,
933 1461 1003 1519 quas

161 1527 190 1578 te
204 1541 310 1598 magno
327 1529 356 1580 et
370 1522 440 1580 forti
454 1522 551 1578 animo
568 1527 598 1579 et
611 1539 694 1598 agere
710 1528 739 1580 et
753 1521 847 1580 dicere
861 1521 1001 1594 videbam,

160 1601 215 1658 tibi
236 1601 337 1659 solitus
357 1621 421 1659 sum
440 1601 534 1661 dicere
554 1601 647 1679 magis
666 1608 696 1658 te
714 1601 821 1659 fortem
843 1608 1002 1660 senatorem

160 1680 233 1738 mihi
249 1681 339 1740 videri
357 1701 443 1759 quam
460 1681 618 1759 sapientem
635 1681 828 1740 candidatum.
871 1681 1002 1739 Primum

160 1761 311 1818 accusandi
324 1768 445 1820 terrores
459 1768 487 1819 et
501 1761 604 1833 minae,
617 1761 721 1838 quibus
734 1768 767 1818 tu
782 1761 888 1819 cotidie
902 1762 945 1820 uti
960 1781 1003 1820 so

160 1840 245 1912 lebas,
257 1848 324 1898 sunt
337 1842 422 1898 fortis
435 1841 497 1913 viri,
510 1841 561 1898 sed
574 1848 603 1898 et
617 1841 718 1918 populi
735 1841 902 1919 opinionem
916 1861 936 1899 a
952 1861 1002 1919 spe

160 1920 337 1997 adipiscendi
356 1928 487 1979 avertunt
506 1928 535 1978 et
553 1921 710 1978 amicorum
730 1921 825 1979 studia
841 1921 1001 1980 debilitant.

161 1999 265 2057 Nescio
283 2019 340 2077 quo
356 2007 442 2078 pacto
461 1999 645 2078 semperhoc
661 1999 810 2078 litaeque
827 2001 857 2058 in
874 2021 933 2059 uno
953 2008 1003 2060 aut
1058 2067 1059 2070 Ἴ

160 2079 248 2136 ιΙιιιο
263 2080 491 2138 anirnadversum
505 2087 556 2152 est,
569 2079 618 2138 sed
632 2080 689 2137 iam
704 2081 734 2137 in
748 2080 894 2158 pluribus:
917 2081 1002 2139 simul

161 2165 246 2236 atque
261 2159 430 2217 candidatus
446 2161 654 2218 accusationem
669 2160 802 2218 meditari
816 2161 893 2218 visus
907 2169 958 2233 est,
970 2168 1003 2220 ut

160 2238 298 2296 honorem
320 2239 483 2332 desperasse
503 2240 640 2298 videatur.
683 2245 729 2298 44.
753 2239 831 2309 Quid
850 2242 938 2318 ergo?
959 2260 1003 2298 ac-

159 2319 300 2397 ceptam
293 2319 426 2376 rniuriam
447 2320 578 2398 persequi
599 2338 657 2377 non
678 2319 818 2397 placetl
809 2339 900 2376 rmmo
922 2319 1003 2378 vehe

159 2406 270 2456 menter
289 2399 391 2477 placet,
410 2400 460 2457 sed
480 2399 558 2457 aliud
578 2406 693 2489 tempus
717 2406 761 2457 est
774 2399 906 2492 petendi,
925 2400 1003 2458 aliud

159 2479 355 2556 persequendi.
397 2479 556 2538 Petitorem
572 2497 635 2556 ego,
646 2476 812 2555 praesertim
828 2479 1000 2552 consulatus,

158 2577 264 2651 magna
277 2579 335 2636 spe,
347 2579 453 2636 magno
468 2559 573 2631 animo,
585 2559 698 2635 magnis
712 2559 803 2637 copiis
817 2560 867 2618 ιι
860 2578 890 2617 m
904 2560 1001 2618 forum

159 2638 212 2695 et
204 2657 235 2694 ιιι
249 2657 383 2716 eampum
397 2638 501 2697 deduci
514 2638 595 2696 volo:
616 2658 674 2697 non
690 2639 784 2716 placet
796 2639 892 2697 mihi
884 2641 1002 2718 mquisi-

158 2717 200 2774 tio
215 2718 360 2776 candidati
374 2719 544 2796 praenuntia
557 2719 694 2812 repulsae,
704 2738 763 2776 non
774 2720 892 2778 testium
903 2721 1002 2798 potius

159 2816 245 2874 quam
268 2798 488 2875 suffragatorum
510 2799 695 2875 comparatio,
712 2819 772 2857 non
792 2801 888 2858 minae
908 2799 1002 2877 magis

159 2895 245 2970 quam
259 2877 422 2949 blanditiae,
434 2897 493 2935 non
507 2877 746 2938 declamatiot
694 2885 746 2957 pot
747 2880 791 2938 ius
808 2899 894 2957 quam
908 2899 1012 2966 persa,

157 2955 239 3014 lutat
219 2963 269 3030 tro,
284 2958 451 3050 praesertim
470 2977 536 3016 cum
554 2959 612 3016 iam
631 2959 686 3016 hoc
704 2978 780 3017 novo
800 2979 881 3017 more
901 2978 1001 3016 omnes

158 3037 218 3094 fere
232 3037 335 3095 domos
352 3037 482 3095 omnium
499 3046 668 3096 concursent
682 3045 711 3096 et
725 3057 760 3096 ex
773 3038 854 3096 vultu
869 3039 1002 3096 candida-

157 3123 254 3174 torum
273 3117 466 3176 coniecturam
484 3117 594 3175 faciant
613 3124 752 3195 quantum
772 3118 892 3196 quisque
911 3118 1000 3176 animi

158 3203 188 3256 et
201 3197 346 3256 facultatis
362 3197 467 3256 habere
479 3198 617 3256 videatur.
660 3201 708 3255 45.
730 3196 858 3256 Videsne
871 3205 904 3256 tu
917 3198 999 3256 illum
