2262 3418
127 145 176 196 ιιι
238 107 241 114 ’
264 144 335 196 rao
351 143 382 195 ι.
397 142 512 195 annio
528 143 669 196 ιιιιοιιιι
685 144 829 196 casuro.

126 254 152 296 et
166 259 240 309 supra
253 244 364 294 Bovillas
377 243 549 307 inopinantem
562 245 588 294 in
603 243 692 294 itinere
705 245 866 306 adgressum:
885 242 920 293 ibi
933 245 965 296 Ρ.

126 311 242 360 Clodium
256 310 334 359 tribus
346 309 487 358 vulneribus
501 311 610 373 acceptis
621 311 732 358 Bouillas
744 310 874 372 perlatum,
885 311 969 359 taber-

126 391 193 436 nam,
208 377 234 423 in
251 391 328 438 quam
341 375 491 438 profugerat,
503 385 671 452 expugnatam
687 390 703 423 a
720 376 830 424 Milone.
851 376 969 424 semiani-

126 456 194 490 mem
205 441 322 490 Clodium
332 451 472 506 extractum
484 441 509 489 in
519 442 559 490 via
568 441 651 503 Appia
661 441 771 490 occisum
780 455 841 501 erse,
853 440 969 489 anulum-

126 521 174 583 que
185 507 238 555 eius
249 507 272 554 ei
283 507 399 555 morienti
410 507 565 556 detractum:
584 505 674 554 deinde
686 506 815 566 Milonem,
825 521 883 554 cum
895 506 969 556 sciret

125 572 153 620 in
165 572 266 620 Albano
279 571 409 636 parvulum
420 571 500 620 lilium
514 571 604 631 Clodii,
614 571 711 620 venisse
724 570 861 632 advillnm,
874 580 969 619 etcum

126 651 189 714 puer
204 646 264 686 ante
280 638 420 685 subtractus
436 646 510 696 esset,
524 651 557 684 ex
576 651 646 686 servo
665 636 781 685 Halicore
797 637 969 698 quaestionem

125 702 163 751 ita
174 703 334 763 habuissent
344 717 403 751 eum
414 701 564 750 articulatim
575 710 730 750 conseearet:
749 701 850 750 vilicum
858 709 969 764 praeter-

126 783 157 817 ea
170 777 196 816 et
209 768 272 817 duos
288 782 372 817 servos
386 767 524 828 iugulasse:
544 781 577 816 ex
591 767 667 816 seruis
682 766 763 816 Clodii
765 767 825 830 ,qui
839 766 969 816 dominum

127 834 291 895 defenderint,
299 832 413 881 undecim
426 847 480 880 esse
488 832 648 881 interfectos:
668 832 754 881 bliloni
764 833 826 880 duos
838 832 903 880 solos
912 847 969 880 sau-

127 899 178 947 cios
190 899 268 947 factos
279 913 348 947 esse:
367 897 400 945 ob
411 911 475 960 quae
484 897 605 945 Milonem
614 905 713 960 postero
723 897 763 946 die
775 897 907 946 duodecim
918 913 969 946 ser·

127 978 179 1024 vos‚
189 964 231 1026 qui
243 963 353 1011 maxime
363 976 464 1025 operam
477 971 616 1022 notassent,
626 977 700 1011 manu
713 963 816 1018 misisse.
828 962 968 1025 populoque
1051 1002 1053 1006 .

127 1028 240 1076 tributim
256 1027 353 1088 singula
369 1028 438 1076 milia
454 1027 519 1076 aeris
536 1027 568 1075 ad
584 1027 752 1076 defendendos
769 1027 801 1076 de
817 1043 844 1076 se
858 1041 969 1076 rumores
1060 1047 1063 1054 ¹

127 1092 247 1146 dedisse.¹
269 1092 332 1140 Milo
351 1092 448 1141 misisse
467 1092 500 1140 ad
517 1091 564 1142 Cn.
579 1093 728 1155 Pompeium
748 1093 885 1150 dicebatur,
900 1092 967 1155 quod

128 1159 246 1222 Hypsaeo
255 1173 351 1206 summe
359 1158 482 1220 studebat,
491 1157 558 1220 quod
567 1157 647 1206 iuerat
655 1159 707 1218 eius
714 1167 837 1221 quaestor,
850 1159 969 1207 desistere

128 1239 155 1273 se
172 1224 292 1286 petitione
308 1223 458 1284 consulatus,
473 1223 494 1272 si
511 1223 548 1271 ita
564 1223 587 1270 ei
605 1223 746 1272 videretur:
765 1224 913 1286 Pompeium
930 1238 969 1272 re-

127 1289 255 1352 spondisse
266 1289 359 1338 nemini
367 1303 395 1336 se
405 1301 486 1352 nequa
494 1287 594 1350 petendi
606 1302 685 1350 neque
696 1287 831 1337 desistendi
840 1297 967 1338 auctorem

127 1369 188 1415 esse,
199 1369 279 1417 neque
289 1353 373 1416 populi
384 1354 490 1403 Romani
501 1362 650 1416 potestatem
661 1361 705 1401 aut
716 1353 847 1402 consilium
858 1363 902 1402 aut
913 1359 969 1402 seti-

127 1420 233 1468 tentiam
243 1420 462 1482 interpellaturuna
474 1453 477 1458 -
493 1418 592 1467 Deinde
603 1433 647 1481 pet
658 1418 686 1468 C.
697 1419 830 1479 Ltroilium‚
840 1420 883 1482 qui
893 1434 970 1482 prop-

127 1494 166 1534 ter
182 1485 218 1534 M.
229 1484 356 1533 Ciceronis
373 1483 566 1532 familiaritatem
586 1483 681 1532 amicus
700 1494 754 1532 erat
773 1485 872 1546 Miloni,
888 1486 969 1546 egisse

60 1607 63 1614 ,
127 1563 226 1613 qnoque
234 1550 368 1607 dicebatur,
379 1563 411 1598 ne
422 1563 448 1598 se
457 1548 488 1597 de
497 1549 543 1597 bac
552 1549 834 1598 reconsolendoinvidia
843 1560 965 1600 oneraret.

160 1616 231 1664 Inter
241 1615 303 1663 haec
316 1629 376 1663 cum
388 1615 553 1663 crebresceret
564 1629 657 1675 rumor,
668 1614 715 1664 Otr.
725 1615 874 1678 Pompeium
889 1616 969 1665 creari

128 1680 277 1729 dictatorem
288 1688 409 1742 oportere,
421 1693 501 1742 neque
512 1679 584 1728 aliter
594 1679 662 1728 mala
675 1679 782 1728 civitatis
793 1681 874 1729 sedari
885 1696 966 1744 posse,

127 1745 208 1795 visum
219 1753 258 1794 est
269 1744 430 1807 optimatibus
443 1745 521 1792 tutius
532 1759 585 1794 esse
595 1759 653 1793 eum
666 1745 794 1794 consulem
808 1746 862 1794 sine
873 1747 970 1806 collega

128 1810 215 1869 creari,
226 1819 251 1859 et
267 1824 325 1858 cum
341 1818 448 1858 tractata
464 1823 495 1858 ea
511 1824 551 1858 res
570 1817 635 1858 esset
650 1810 677 1857 iu
694 1819 789 1870 senatu,
802 1812 869 1860 facto
885 1812 911 1859 in
929 1812 966 1860 M.

127 1875 211 1924 Bibuli
223 1875 408 1924 sententiamS.
417 1874 447 1924 C.
451 1874 602 1936 ‚Pompeius
611 1873 643 1922 ab
651 1875 774 1936 interrege
783 1880 851 1926 Serv.
859 1877 969 1938 Sulpicio

127 1941 162 1990 V.
174 1941 232 1990 Kal.
243 1941 320 1988 Mart.
331 1954 416 1988 menae
430 1939 587 1988 intercalario
604 1939 689 1987 consul
703 1951 800 1989 creatus
814 1950 860 2002 est,
872 1942 969 1990 statim·

128 2004 448 2119 titrttlllmttlt
459 2005 625 2119 13ῐῖἒίιὲΟὲ
636 2004 969 2148 trst'ltti‘lrlt

128 2137 160 2184 de
173 2137 196 2183 vi
199 2151 267 2213 ‚qua
278 2135 425 2183 nominatim
438 2135 561 2184 caedem
554 2149 580 2182 tn
593 2135 675 2198 Appia
689 2136 729 2184 via
742 2136 833 2185 iactam
848 2147 874 2186 et
885 2138 969 2185 incen-

128 2202 198 2250 dium
207 2203 290 2250 euriae
298 2210 323 2249 et
330 2201 433 2249 domum
443 2201 480 2250 M.
488 2200 593 2262 Lepidi'
587 2201 717 2262 interregis
725 2211 893 2278 qppugnatam
901 2217 969 2250 com-

128 2267 267 2328 prehendit,
276 2266 381 2315 alteram
395 2265 427 2314 de
439 2266 533 2314 ambitu
535 2280 658 2328 ‚poenam
672 2267 810 2327 graviorem
824 2277 849 2316 et
863 2268 969 2315 formum

127 2331 277 2380 indiciorum
295 2331 445 2380 breviorem:
465 2341 570 2394 utraque
586 2332 653 2380 enim
671 2331 712 2381 lex
729 2331 798 2395 prius
811 2341 887 2381 testes
903 2331 966 2392 dari,

127 2396 218 2446 deinde
229 2411 278 2444 uno
290 2396 331 2445 die
344 2405 421 2459 atque
433 2396 522 2445 eodem
533 2406 559 2446 et
570 2397 602 2444 ab
613 2405 756 2446 accusatore
764 2406 790 2446 et
801 2398 833 2445 ab
845 2412 888 2446 reo
898 2411 970 2459 pero-

127 2462 178 2510 rari
191 2462 318 2522 iubebat'
311 2471 347 2510 tta
361 2470 389 2510 ut
399 2461 464 2510 duae
475 2463 552 2511 borae
564 2463 710 2520 accrraatori
721 2473 772 2511 tres
783 2477 826 2510 reo
839 2461 966 2512 darentur.

129 2527 177 2576 llis
190 2527 285 2588 legibus
301 2527 420 2576 obsistere
434 2527 470 2576 M.
481 2527 581 2576 Caelius
594 2528 706 2576 tribunus
719 2527 764 2590 pl,
775 2527 969 2576 studiosissimus

128 2592 239 2653 Milonis,
250 2602 354 2642 conatus
364 2600 402 2640 est
403 2592 500 2670 ,quod
500 2601 526 2642 et
536 2583 694 2656 priuilegiam'
704 2593 816 2642 diceret’
809 2607 835 2641 ιιι
846 2593 969 2642 Milonem

127 2658 186 2706 ferri
203 2666 230 2706 et
242 2656 335 2705 iudicia
347 2657 517 2720 praecipitari:
536 2667 562 2706 et
574 2673 632 2706 cum
648 2658 798 2721 pertinacius
811 2658 891 2719 legem
905 2658 970 2706 Cae—

127 2723 176 2771 lius
187 2723 345 2785 vituperaret,
354 2737 384 2771 eo
395 2724 514 2786 processit
526 2723 578 2772 irae
588 2723 731 2786 Pompeius,
742 2731 771 2772 ut
781 2723 883 2782 diceret,
895 2723 915 2771 si
927 2737 970 2770 co-

127 2798 198 2838 actus
212 2797 286 2848 esset,
300 2787 378 2836 armis
395 2803 421 2836 se
438 2787 630 2850 rempublicam
648 2787 815 2837 defensurum.
852 2788 970 2836 Timebat

127 2863 211 2903 autem
223 2853 359 2915 Pompeius
367 2852 489 2901 Milonem
501 2868 544 2902 seu
556 2853 644 2902 timere
657 2868 683 2901 se
694 2853 843 2902 simulabat:
863 2852 970 2916 plemm-

128 2935 176 2982 que
187 2933 236 2967 non
248 2917 316 2967 domi
326 2933 394 2978 suae,
403 2917 484 2968 sedin
496 2917 574 2966 hortis
587 2920 710 2977 manebat,
721 2918 811 2982 idque'
804 2932 884 2982 ipsum
894 2918 920 2966 in
929 2933 970 2964 su·

127 2984 271 3048 perioribus,
281 2983 348 3034 circa
361 2997 422 3046 quos
436 2984 512 3032 etiam
526 2997 617 3043 megna
632 2998 723 3032 manus
737 2983 844 3032 militum
862 2983 970 3032 excuba-

127 3051 177 3099 bat.
214 3049 334 3099 Senatum
352 3062 450 3112 quoque
466 3048 542 3096 semel
559 3056 660 3110 repente
677 3048 805 3098 dimiserat
823 3047 966 3110 Pompeius,

127 3115 194 3177 qnod
212 3115 306 3163 diceret
323 3114 411 3162 timere
428 3128 455 3162 se
471 3113 605 3162 adventum
623 3113 733 3162 Milonis.
770 3114 836 3162 Dein
854 3113 969 3176 proximo

128 3188 216 3230 senatu
229 3180 259 3227 P
270 3178 418 3228 Comilicius
431 3178 524 3228 ferrum
538 3178 681 3226 Milonem'
673 3188 740 3227 rutra
753 3179 864 3235 tunicam
878 3177 969 3225 babere
