2240 3418
182 114 191 122 ·
272 109 276 120 ·
302 110 318 117 ··
383 103 648 171 carnus-xm,
664 99 829 168 css-ar.'··.
927 97 932 144 1
959 99 1021 156 ast·

167 209 533 278 memoriam'aetcmitatis
554 227 602 266 ara
618 207 751 269 Virtutis.
785 205 841 265 85.
857 206 951 277 Quam
970 207 1009 264 ob
1086 263 1087 266 ,

167 312 229 351 rem
244 290 403 348 maximum
421 287 538 366 quidem
555 288 692 346 solacium
709 287 764 346 erit
779 288 1008 365 propinquorum
1086 349 1087 352 Ἴ

168 371 271 431 eodem
290 365 471 427 monimento
488 366 623 425 declarari
640 374 670 425 ct
685 366 821 425 virtutem
842 385 959 424 suorum
980 374 1009 425 ct

167 451 269 530 populi
279 448 404 507 Romani
417 447 556 525 pictatem
569 453 599 505 et
610 454 723 505 senatus
736 445 823 504 fidem
835 453 865 503 et
876 445 1010 503 crudelis·

168 531 234 588 simi
257 528 426 588 memoriam
449 526 535 585 belli:
560 527 591 584 in
616 545 674 604 quo
697 526 859 583 uisi'tanta
883 525 1008 583 militum

168 611 259 669 virtus
271 608 434 680 exstitisset,
442 606 596 685 parricidio
609 606 649 664 M.
658 605 781 664 Antonii
791 623 897 664 nomen
908 605 1009 683 populi

168 689 293 748 Romani
306 688 464 775 oqcidisset
493 687 599 764 :Atque
613 686 700 744 etiam
714 704 825 757 censeo,
835 692 930 763 patres
944 704 1010 743 con-

168 770 365 847 scripti,·quae
387 767 516 846 praemia
538 765 681 824 militibus
700 765 886 844 promisimus
906 782 960 842 uos
979 784 1010 824 re
1088 766 1092 775 '

168 849 284 927 publica
298 854 465 926 recuperata
479 846 649 917 tributuros,
659 864 695 904 ea
708 845 781 904 rivis
797 843 1010 922 victoribusque
1100 873 1103 916 ·,

169 929 319 1000 cumulate,
332 945 397 986 cum
415 934 531 1006 tempus
543 926 661 998 venerit,
673 924 862 1006 persolvenda
870 942 882 983 :-
900 924 949 1002 qui
963 943 1011 982 au·
1099 921 1103 978 -1'

168 1015 229 1068 tem
245 1028 280 1067 ex
296 1009 340 1080 iis,
350 1008 455 1085 quibus
470 1007 520 1066 illa
534 1007 676 1085 promissa
694 1012 769 1077 sunt,
781 1005 945 1083 pro'patria
965 1022 1010 1061 oc·

169 1088 307 1164 ciderunt,
325 1107 425 1146 eorum
448 1085 623 1164 parentibus,
637 1085 742 1157 liberis,
760 1083 940 1161 coniugibus,
955 1083 1011 1141 fra·

168 1163 381 1226 tribus²eadem
401 1166 555 1225 tribuenda
574 1185 685 1226 censeo.
727 1163 810 1224 XIV.
837 1169 884 1223 36.
903 1162 961 1223 Sed
977 1170 1011 1222 ut

169 1247 207 1309 ali
227 1248 323 1316 nando
336 1247 479 1306 sententia
492 1245 673 1325 complectar,
683 1246 727 1304 ita
734 1259 857 1304 censeo:
911 1257 912 1260 ’
943 1267 947 1270 ·

175 1379 180 1383 ,
208 1266 284 1384 alum
298 1325 330 1385 O.
338 1326 433 1384 Paus'a
446 1326 553 1398 consul,
563 1327 727 1404 imperator,
736 1325 853 1383 initium
866 1341 933 1382 omn
946 1322 1011 1381 hos-

168 1406 247 1464 tibus
270 1404 444 1482 confiigendi
468 1406 577 1479 fecerit,
593 1424 651 1483 quo
674 1405 784 1484 proelio
808 1403 884 1482 legio
907 1403 1011 1463 Martia

169 1484 330 1544 admirabili
353 1484 572 1562 incredibilique
592 1486 698 1543 virtute
721 1483 884 1543 libertatem
908 1485 1011 1564 populi
1086 1513 1098 1534 ο

168 1565 294 1624 Romani
310 1564 480 1636 defenderit,
492 1565 572 1642 quod
586 1565 667 1638 idem
680 1564 809 1642 legiones
824 1565 953 1622 tironum
969 1565 1011 1624 fe

169 1646 268 1718 ueniat,
283 1645 401 1722 ipseque
421 1643 454 1703 Ο.
464 1644 559 1702 Pausa
582 1644 690 1717 consul,
705 1645 869 1723 imperator,
884 1663 951 1702 cum
969 1644 1011 1703 in·

168 1733 214 1784 ter
225 1725 327 1784 medis¹
339 1724 467 1783 hostium
480 1722 539 1782 tela
550 1731 716 1797 versaretur,
727 1721 851 1793 vulnera
860 1725 1009 1802 acceperit,

170 1823 316 1883 quumque
335 1803 373 1862 A.·
385 1803 500 1872 Hirtius
520 1803 810 1882 eonsul,'imperator‚
828 1804 939 1883 proelio
963 1824 1011 1863 au·
1039 1838 1047 1844 -

169 1885 240 1957 dito,
251 1904 280 1942 re
294 1884 419 1962 cognita,
428 1884 588 1942 fortissimo
601 1885 903 1962 praestantissimoque
913 1885 1011 1943 animo

169 1959 325 2038 ciereitum
342 1964 441 2022 castris
461 1963 591 2038 eduxerit
607 1965 806 2042 impetumque
822 1965 853 2022 in
870 1965 909 2023 M.
919 1964 1012 2022 Anto

169 2045 251 2102 nium
271 2044 485 2123 exercitumque
504 2043 633 2102 hostium
653 2044 755 2102 fecerit
775 2044 893 2122 eiusque
913 2044 1012 2122 copias

169 2123 318 2197 occidione
330 2122 483 2202 occiderit,
495 2142 547 2182 suo
568 2123 694 2183 exercitu
709 2125 752 2184 ita
766 2123 959 2196 incolumi,-ut
974 2143 1011 2182 nc

170 2223 260 2262 uuum
281 2203 398 2282 quidem
421 2203 545 2262 militem
556 2199 746 2277 desiderarit,
761 2196 952 2282 ill-cumque
976 2203 1009 2262 C.

89 2337 94 2348 ,
169 2283 273 2342 Caesar
282 2302 336 2362 pro
346 2289 485 2361 praetore,
497 2283 661 2363 imperator,
670 2283 790 2343 consilio
805 2283 1011 2377 diligentiaque

170 2383 221 2421 sua
229 2371 320 2422 castra
329 2362 452 2422 feliciter
460 2363 622 2422 defenderit
632 2364 785 2443 copiasque
793 2363 930 2436 bostrum,
939 2383 1010 2443 quae

144 2476 147 2481 -
169 2443 207 2501 ad
217 2450 308 2501 castra
321 2449 504 2516 accesserant,
516 2442 685 2522 profligarit,
697 2444 841 2517 occiderit,
854 2444 892 2502 ob
906 2463 953 2502 eas
966 2462 1010 2502 res

126 2575 128 2580 .
170 2530 300 2581 senatum
314 2521 477 2582 existimare
491 2531 521 2582 et
534 2523 660 2583 iudicare
676 2543 776 2583 comm
789 2524 878 2582 trium
891 2524 1011 2601 impera-

169 2609 266 2660 torum
276 2602 390 2673 virtute,
399 2602 530 2682 imperio,
540 2603 668 2676 consilio,
680 2604 828 2681 gravitate,
840 2603 1009 2675 constantia,

169 2681 369 2758 magnitudine
380 2683 478 2756 animi,
486 2683 624 2743 felicitate
631 2684 772 2761 populum
779 2682 942 2741 Romanum
950 2683 1011 2740 foe-

170 2760 288 2819 dissime
301 2762 552 2841 crudelissimaque
566 2764 702 2822 servitute
715 2762 876 2836 liberatum,
887 2759 1010 2839 cumque

169 2860 231 2898 rem
246 2840 402 2920 publicam,
413 2843 523 2915 urbem,
535 2843 644 2921 templa
660 2842 780 2902 deorum
794 2843 1008 2914 immortalium,

169 2919 247 2978 bona
267 2919 461 3000 fortunasque
480 2923 611 2980 omnium
631 2922 792 3001 liberosque
816 2923 1011 2980 conservarint

169 3000 355 3060 dimicatione
377 3008 407 3060 et
427 3001 555 3081 periculo
576 3002 653 3061 vitae
674 3021 750 3075 suae,
770 3003 813 3061 uti
837 3002 876 3061 ob
899 3022 947 3060 eas
965 3021 1011 3060 rcs

170 3079 252 3152 bene,
262 3081 379 3140 fortiter
394 3081 572 3159 feliciterque
589 3089 689 3160 gestas
698 3081 730 3141 0.
739 3081 834 3141 Pansa
849 3082 886 3141 Α
896 3081 1011 3140 Hirtius

170 3161 307 3234 consules,
322 3160 517 3239 imperatores,
532 3161 604 3220 alter
623 3161 818 3237 ambove,·aut
837 3162 861 3220 si
881 3161 1010 3232 aberunt,
