2262 3412
330 455 374 519 M.
397 451 545 519 TULLII
574 451 808 516 CICERONIS

153 609 311 690 onnrro
345 609 464 698 curn
498 607 665 684 nnnrn
696 608 755 682 rr
789 586 992 684 r'orurrn

176 733 381 813 rcsrrnnr
405 733 520 822 curn
545 731 737 808 cnrnrrr
759 731 967 808 rnorrcrr.

404 1010 743 1062 ARGUMENTUM.

187 1112 253 1162 Cum
269 1125 300 1160 ea
315 1109 403 1170 oratio,
418 1123 493 1172 quum
509 1109 547 1156 M.
559 1108 656 1156 Tullius
673 1109 700 1156 in
716 1117 804 1157 senatu
821 1109 848 1158 in
865 1109 895 1159 L.
906 1109 994 1159 Catili-

154 1193 214 1226 nam
230 1184 385 1240 praesentem
402 1189 424 1221 a.
436 1173 461 1222 d.
474 1173 521 1222 Vl.
535 1173 573 1220 ld.
585 1173 738 1221 Novembres
755 1173 850 1233 habuit,
865 1190 880 1222 u
896 1184 994 1224 senato-

155 1243 222 1290 ribus
239 1242 275 1289 ita
291 1237 379 1287 andita
395 1247 467 1298 esset,
484 1245 511 1284 ut
525 1237 634 1300 plerique
654 1237 749 1284 consuli
769 1238 951 1286 adsentirentur
968 1247 994 1287 et

156 1306 292 1356 Catilinam
305 1304 403 1352 hostem
416 1303 511 1368 patriae
526 1309 602 1364 atque
618 1301 767 1364 parricidam
781 1302 940 1364 appellarent,
952 1303 994 1352 illc

155 1386 170 1420 e
183 1380 270 1420 senatu
283 1383 396 1430 egressus
408 1367 573 1432 proximaque
587 1377 667 1427 nocte,
682 1366 775 1414 relictis
789 1367 820 1416 P.
832 1367 949 1427 Lentulo,
961 1369 990 1418 C.

155 1437 266 1497 Cethego
277 1435 381 1498 aliisque
391 1433 418 1484 in
429 1433 490 1482 urbe
501 1433 581 1493 sociis,
589 1431 633 1496 qui
641 1446 679 1492 ea,
687 1431 718 1480 de
729 1432 818 1494 quibus
829 1433 991 1492 convenisset,

155 1499 404 1613 rrrrrad
418 1497 686 1613 tritara
702 1497 995 1612 rtttrtrtrtt

155 1567 416 1694 (diddeh'dt'gitdliardtdijl
420 1629 534 1677 edoceret
551 1637 577 1676 et
594 1577 747 1676 iniidiadrOId
765 1643 792 1677 se
810 1601 992 1692 deprecaretur:

155 1695 230 1759 hanc,
239 1709 304 1760 quae
318 1694 384 1744 infra
396 1694 494 1756 legitur,
505 1693 641 1744 orationem
658 1693 752 1742 habuit.

115 1836 117 1840 '
197 1830 219 1891 Ι.
264 1835 289 1890 1.
311 1828 441 1886 Tandem
462 1826 624 1904 aliquando,
639 1826 772 1902 Quirites,
788 1826 819 1886 L
832 1826 995 1902 Catilinam,

156 1911 300 1985 furantem
317 1906 545 1992 audaciascelgs
561 1905 750 1978 anhelantem,
763 1915 873 1984 pestem
887 1911 996 1986 patriae

157 1989 265 2058 nefarie
291 1975 467 2057 molientem,
487 1985 568 2043 vobis
595 1993 681 2062 atquc
705 1985 772 2044 huic
800 1987 864 2045 urbi
888 1989 996 2048 ferrum

157 2049 359 2142 flammamque
378 2059 569 2154 minitantem,
585 2083 620 2122 ex
640 2065 711 2122 urbe
731 2065 775 2124 rel
796 2068 932 2126 eiecimus
951 2069 996 2128 vel

158 2147 304 2214 emisimus
327 2145 371 2202 vel
395 2144 490 2221 ipsum
518 2143 712 2222 egredientem
736 2146 829 2206 verbis
852 2150 997 2225 prosecuti

158 2245 263 2294 sumus,
304 2223 396 2295 Abiit,
416 2223 662 2295 excessit1.e,vasit,
683 2227 785 2302 erupit
828 2227 915 2284 Nulla
938 2229 997 2286 iam

157 2305 296 2388 pernicies
317 2311 485 2362 amonstro
507 2301 557 2360 illo
581 2309 667 2380 atque
689 2306 823 2384 prodigio
846 2308 998 2366 moenibus

158 2385 227 2464 ipsis
243 2385 321 2444 intra
335 2383 450 2441 moenia
468 2383 687 2459 comparabitur.
729 2384 827 2464 Atque
843 2385 920 2445 hunc
937 2389 998 2464 qui·

157 2465 224 2524 dem
240 2483 330 2522 unum
343 2464 429 2522 huius
442 2462 509 2520 belli
524 2462 676 2522 domestici
690 2463 792 2524 ducem
809 2467 870 2526 sine
886 2475 998 2527 contro·

157 2545 248 2603 vareia
267 2533 395 2624 viciQrs.
438 2542 505 2600 Non
526 2545 604 2602 enim
620 2530 680 2602 idm
699 2546 774 2603 inter
793 2545 881 2604 latera
900 2553 998 2604 nostra

158 2625 216 2682 sica
231 2623 280 2682 ille
295 2623 469 2682 versabitur:
490 2643 550 2681 non
565 2625 595 2684 in
612 2643 723 2702 campo,
735 2644 794 2683 non
808 2626 838 2683 in
852 2626 926 2699 foro,
938 2646 997 2684 non

157 2705 187 2762 in
205 2704 290 2775 curia,
302 2723 361 2761 non
378 2702 502 2780 denique
519 2705 594 2762 intra
610 2705 783 2763 domesticos
799 2706 921 2786 parietes
936 2725 999 2784 per·

157 2783 359 2858 horrescemus.
395 2782 473 2854 Loco
486 2783 534 2842 ille
547 2789 645 2842 motus
658 2791 709 2856 est,
720 2804 808 2862 quum
822 2787 866 2842 e'st
879 2804 913 2843 ex
927 2785 998 2843 urbe

158 2863 298 2941 expulsus.
341 2863 442 2921 Palam
460 2864 518 2920 iam
538 2883 604 2921 cum
623 2864 705 2922 hoste
725 2863 804 2922 nullo
822 2865 998 2942 impediente

157 2925 264 3000 bellu'fn
281 2937 419 3020 [iustum]
441 2962 580 3019 geremus.
622 2942 690 3001 Sine
711 2943 800 3002 dubio
820 2943 999 3021 perdidimus

157 3022 305 3082 hominem
324 3021 532 3104 magnificeque
550 3023 679 3094 vicimus,
695 3041 784 3100 quum
800 3023 881 3081 illum
901 3043 935 3081 ex
953 3041 998 3080 oc-

158 3102 242 3159 cultis
266 3103 379 3160 insidiis
401 3103 432 3160 in
456 3108 587 3178 apertum
609 3102 790 3161 latrocinium
815 3102 995 3161 coniecimus

159 3188 186 3240 2.
209 3181 294 3252 Quod
314 3202 381 3242 vero
402 3202 461 3241 non
481 3189 631 3258 cmgntum
651 3201 826 3254 mucronem,
844 3189 877 3241 ut
897 3182 996 3256 voluit,

302 3282 321 3334 4
