2262 3412
8 187 9 190 Ἴ
104 129 112 154 ¹-
128 124 162 174 ιι
273 121 370 234 Arma
395 121 503 176 caru
543 101 620 172 au‘
638 121 749 189 uarro
765 121 802 172 11.

127 246 187 284 non
201 225 249 287 ille
262 225 411 302 concepcri
483 224 555 295 Quis
568 230 631 282 tota
644 223 728 282 Italia
741 223 891 296 veneficus,
903 212 967 302 quia

84 285 968 443 2rlulruruuuuutriumuiru:

55 424 89 571 ξ
127 483 228 543 gance,
241 465 304 541 quis
318 483 415 541 nepos,
429 441 492 541 quis
506 403 624 536 aduller,
637 482 709 542 quae
725 403 829 521 mffiiei)
840 403 966 535 iniaiiris,

56 549 73 620 ξ
127 545 192 622 quis
209 550 358 620 corruptor
371 543 534 615 iuventutis,
548 544 611 620 quis
628 550 785 620 corruptus,
798 543 862 620 quis
874 543 968 620 perdi-

53 616 67 634 ’“
127 631 174 683 tus
191 623 312 681 inveniri
325 629 422 700 potest
436 623 485 701 qui
502 642 532 680 se
549 641 614 680 cum
632 622 756 681 Catilina
771 642 831 680 nou
846 622 968 680 familia·

20 698 64 786 ιζ
126 704 237 762 rissime
248 703 351 760 vixisse
361 702 504 788 fateaturt
520 721 592 778 quae
606 703 706 760 caedes
715 721 767 780 per
776 702 862 760 hosce
876 721 967 761 annos

30 771 60 888 (ql
127 784 188 840 sine
205 783 255 840 illo
269 782 347 840 facta
362 783 424 840 esti
444 782 523 859 quod
536 782 678 840 nefarium
695 788 826 859 stuprum
843 801 902 840 non
916 801 968 859 per

126 863 208 920 illum
217 864 236 920 l·
264 868 290 920 8.
313 861 375 919 Iam
388 879 456 919 vero
470 881 542 939 qnae
555 868 636 919 tauta
649 880 786 938 umquam
800 862 831 918 in
844 860 903 919 ullo
917 861 968 920 ho·
1075 911 1078 917 .

127 942 204 1000 mine
215 942 373 1000 iuventutis
383 941 515 1000 illecebra
524 942 582 999 fuit
593 948 700 1019 quanta
709 942 740 998 in
750 940 819 999 illol
836 941 885 1017 qui
896 941 967 1000 alios

127 1021 241 1080 amabat
251 1022 312 1099 ipse
326 1010 498 1098 turpissime,
508 1022 629 1079 aliorum
643 1022 734 1079 amori
744 1020 966 1098 flagitiosissime

78 1108 92 1146 's
127 1101 282 1159 serviebat:
304 1101 367 1159 aliis
383 1101 510 1160 fructum
527 1101 688 1175 libidinum,
700 1100 763 1158 aliis
779 1107 902 1158 mortem
918 1121 967 1178 pa-

52 1232 59 1251 ,
126 1188 241 1240 rentum
262 1201 322 1239 non
343 1181 432 1244 modo
453 1181 636 1258 impellendo,
654 1201 754 1240 verum
775 1181 864 1238 etiarn
888 1181 967 1238 adiu-

41 1291 72 1340 χ
126 1261 220 1320 vando
242 1261 437 1338 pollicebatur.
480 1261 565 1318 Nunc
587 1280 653 1319 vero
677 1279 763 1338 quarn
787 1247 969 1318 subitoffil

42 1398 49 1413 ,
126 1342 220 1400 solum
238 1361 273 1399 ex
290 1341 368 1413 urbe,
383 1361 482 1399 verum
501 1342 588 1398 ctiam
607 1360 642 1400 ex
660 1341 736 1418 agris
752 1341 900 1418 ingentem
916 1359 968 1398 nu-

126 1441 237 1479 merum
247 1421 426 1498 perditorum
436 1421 588 1480 hominum
600 1420 768 1498 collegerat!
799 1420 893 1478 Nemo
907 1439 967 1478 non
1072 1484 1074 1488 ,

66 1545 95 1596 4
125 1500 215 1559 modo
231 1500 350 1572 Itomae,
365 1501 416 1558 sed
434 1521 470 1558 ue
488 1500 548 1562 ullo
567 1500 684 1578 quidem
702 1501 733 1558 in
752 1499 857 1577 angulo
876 1499 968 1558 totius

1 1607 6 1614 ¹
48 1581 87 1643 ἴ,
126 1581 226 1638 Italiae
243 1599 395 1658 oppressus
414 1599 477 1638 aere
496 1580 588 1638 alieno
604 1581 663 1639 fuit
679 1600 765 1658 quem
781 1599 840 1638 uon
858 1579 967 1638 adhoc

73 1671 94 1722 ἒ,
126 1660 292 1719 incredibile
309 1660 421 1718 sceleris
436 1660 540 1718 foedus
558 1660 697 1739 asciscant.
739 1660 776 1719 V.
819 1665 845 1718 9.
867 1659 967 1736 Atque

61 1732 90 1812 ἶ
126 1748 160 1799 ut
175 1741 236 1798 eius
252 1740 364 1798 diversa
380 1740 475 1798 studia
488 1740 518 1798 in
533 1740 665 1798 dissimili
681 1741 791 1799 ratione
807 1740 967 1817 perspicere

68 1813 87 1849 ‘⁴
126 1820 251 1899 possitis,
262 1839 348 1878 nemo
365 1821 453 1878 estin
466 1820 535 1878 ludo
549 1820 720 1898 gladiatorio
736 1819 833 1898 paullo
849 1819 887 1878 ad
899 1819 968 1878 faci-

126 1920 180 1958 nus
193 1900 328 1958 audacior
339 1900 388 1977 qui
400 1919 429 1958 se
439 1919 498 1958 non
509 1900 645 1958 intimum
655 1899 795 1958 Catilinae
809 1919 869 1958 esse
880 1900 968 1958 fatea-

126 1988 180 2052 tur',
198 1999 283 2040 nemo
304 1980 335 2037 iu
360 1999 461 2038 scaena
480 1979 570 2037 levior
593 1987 623 2038 et
646 1980 768 2057 nequior
788 1980 837 2058 qui
858 1998 967 2038 senon

126 2060 253 2118 eiusdem
267 2078 357 2137 prope
371 2060 497 2118 sodalem
511 2060 600 2118 fuisse
614 2067 829 2118 commemoret.
868 2059 967 2136 Atque

125 2140 203 2198 idem
214 2146 320 2211 tamen,
330 2147 494 2218 stuprorum
508 2148 538 2198 et
551 2140 688 2198 scelerum
703 2139 905 2199 exercitatione
920 2138 968 2197 ad·

127 2220 270 2298 suefactus
286 2220 394 2298 frigore
411 2227 441 2278 et
454 2220 531 2278 fame
548 2239 580 2278 ac
598 2221 646 2278 siti
660 2227 690 2278 et
703 2219 810 2297 vigiliis
825 2219 968 2296 perferen·

126 2301 179 2374 dis,
201 2300 286 2358 fortis
316 2300 352 2358 ab
379 2300 443 2357 istis
470 2300 695 2378 praedicabatur,
716 2318 783 2357 cum
810 2299 967 2356 industriae

126 2380 254 2440 subsidia
270 2387 356 2458 atque
370 2380 560 2446 instrumenta
576 2381 690 2438 virtutis
703 2380 734 2437 in
748 2377 867 2436 libidine
884 2378 969 2436 auda·

126 2462 226 2538 ciaque
245 2467 432 2520 consumeret.
476 2466 521 2519 10.
545 2460 632 2518 Hunc
648 2478 716 2517 vero
735 2459 759 2516 si
778 2459 868 2517 secuti
885 2465 969 2517 erunt

126 2543 171 2600 sui
187 2542 315 2612 comites,
330 2541 354 2598 si
371 2560 406 2599 ex
422 2539 493 2600 urba
509 2540 629 2598 exierint
646 2539 860 2618 desperatorum
876 2539 969 2596 homi·

73 2651 78 2663 ·
125 2641 196 2678 num
213 2621 349 2698 flagitiosi
364 2639 504 2700 greges,o
520 2639 574 2678 nos
589 2619 728 2691 beatos‚0
745 2639 805 2678 rem
822 2619 968 2698 publicam

126 2702 313 2772 fortunatam,
333 2722 351 2759 o
373 2701 545 2779 praeclaram
568 2700 682 2760 laudem
706 2699 871 2758 consulatus
893 2699 968 2758 mei!

127 2781 195 2840 Non
216 2782 293 2840 enirn
312 2781 370 2839 iam
390 2788 457 2840 sunt
478 2780 635 2839 mediocres
655 2781 807 2839 hominum
825 2779 967 2850 libidines,
1078 2829 1083 2836 .

126 2881 186 2920 non
199 2861 341 2920 humanae
355 2880 387 2920 ac
401 2860 564 2920 tolerandae
581 2861 731 2919 audaciae:
753 2859 826 2918 nihil
840 2859 969 2936 cogitant

127 2943 183 3000 nisi
201 2941 309 3013 caedes,
325 2942 380 2999 nisi
397 2941 537 3012 incendia,
552 2941 608 2999 nisi
627 2941 748 3020 rapinae.
790 2939 970 2998 Patrimouia

127 3042 179 3080 sua
191 3022 390 3100 profuderunt,
402 3021 533 3080 fortunas
547 3041 611 3079 suas
626 3021 840 3097 obligaverunt:
861 3038 906 3076 res
920 3038 969 3076 eos

127 3103 186 3160 iam
202 3103 323 3180 pridem,
338 3101 409 3189 fides
429 3121 520 3178 nuper
538 3100 657 3159 deficere
678 3085 790 3177 coepit:
812 3098 912 3157 eadctn
928 3105 970 3156 ta·

123 3201 196 3244 umen
214 3182 270 3255 illa,
285 3201 358 3261 quae
378 3187 439 3240 erat
454 3180 485 3238 in
503 3180 687 3253 abundantia,
702 3179 793 3238 libido
811 3185 968 3258 permanet.
996 3227 999 3233 ,
