2240 3418
114 167 117 172 ,
141 114 190 163 244
217 113 256 163 IN
274 113 312 164 M.
326 112 520 202 ApTONmM
536 111 670 164 ORATIO
687 112 898 164 PHILIPPICA
913 113 949 164 11.

141 215 200 273 tuis
209 214 256 272 hie
267 221 383 292 stupor:
405 221 514 292 quanto
524 214 555 272 in
565 215 649 274 rebus
660 215 865 294 sententiisque
875 217 965 273 maior
972 216 986 274 l·

142 294 293 353 Constitue
304 294 367 366 hoc,
375 295 483 368 consul,
493 295 654 373 aliquando,
662 295 830 368 Brutorum,
839 295 871 354 O.
880 295 980 368 Cassii,

142 373 194 432 Cn.
205 374 337 445 Domitii,
348 375 381 432 Ος
389 373 534 446 TreboniI,
545 375 719 453 reliquorum
734 395 821 453 quam
836 375 905 432 velis
921 395 981 434 esse

142 472 273 511 causam:
294 454 405 511 edormi
424 455 576 531 crapulam,
591 455 718 532 inquam,
734 462 763 512 et
783 455 890 514 cuhala
933 455 983 512 An

141 533 219 590 faces
234 533 428 592 admovendae
442 541 509 592 sunt
520 553 592 612 quae
607 528 662 612 [te]
677 536 802 593 excitent
813 541 909 593 tantae
920 554 984 592 cau·

142 632 189 670 sae
206 612 449 671 indormienteml
488 613 692 691 Numquamne
705 614 843 691 intelligis
859 622 984 674 statuane

142 693 213 750 dum
232 693 287 751 tibi
307 713 368 752 esse
387 700 484 751 utrum
506 693 556 764 illi,
568 694 618 772 qui
638 694 723 751 istam
743 713 805 752 rem
825 700 982 770 gesserunt,

141 772 304 841 homicidae
326 774 384 831 siut
405 792 442 830 un
461 773 589 830 vindices
612 773 772 832 libertatis?
812 772 897 831 XIII.
935 779 981 830 31.

142 851 271 910 Attendc
288 853 365 909 enim
381 852 537 930 paullisper
552 853 814 931 cogitationemque
831 852 919 910 sobrii
932 853 984 909 ho·
1028 873 1031 878 ·
1107 855 1108 858 ’

141 933 229 988 minis
242 938 382 1009 punctum
393 933 531 1010 temporis
545 933 664 1010 suscipe.
700 933 772 1010 Ego,
785 933 834 1010 qui
848 952 912 990 sum
922 933 985 990 illo-

142 1031 215 1083 rum,
228 1017 260 1068 ut
274 1012 335 1089 ipse
348 1012 450 1084 fateor,
462 1012 620 1084 familiaris,
631 1019 665 1070 ut
678 1020 738 1070 ate
749 1031 866 1090 arguor,
879 1013 982 1082 socius,

142 1110 218 1169 nego
236 1091 391 1169 quidquam
413 1111 474 1150 esse
490 1092 635 1151 medium:
657 1092 795 1150 confiteor
811 1111 868 1168 eos,
880 1093 936 1150 nisi
951 1091 986 1148 li·

141 1168 287 1230 beratores
306 1171 407 1249 populi
424 1171 548 1229 Romani
569 1179 836 1250 conservatoresque
856 1173 897 1230 rei
913 1171 985 1249 pub

143 1251 214 1310 licae
231 1252 297 1324 sint,
309 1251 375 1330 plus
391 1271 477 1330 quam
494 1253 617 1324 sicarios,
630 1252 695 1330 plus
711 1272 798 1330 quam
813 1251 983 1323 homicidas,
1031 1276 1034 1282 Δ

142 1331 207 1409 plus
221 1333 307 1390 ctiam
320 1350 405 1410 quam
416 1331 570 1410 parricidas
584 1351 660 1392 esse:
682 1332 706 1389 si
723 1332 840 1410 quidem
855 1340 897 1390 est
910 1339 986 1389 atro-

93 1449 94 1452 =
142 1413 204 1470 cius
227 1412 335 1490 patriae
359 1419 505 1489 parentem
531 1430 617 1489 quam
641 1431 726 1470 suum
750 1411 887 1470 occidere.
928 1411 984 1483 Tu,

141 1491 232 1550 homo
249 1493 362 1570 sapiens
378 1499 407 1550 et
427 1490 613 1563 considerate,
626 1491 805 1568 quid'dieisl
846 1491 877 1549 Si
897 1491 987 1568 parri-

142 1572 229 1644 cidas,
241 1591 292 1630 cur
305 1571 423 1639 honoris
437 1590 521 1629 causa
534 1590 552 1628 a
564 1578 594 1628 te
607 1578 716 1630 suntet
729 1571 760 1628 in
773 1571 829 1628 hoc
844 1571 944 1629 ordine
955 1579 987 1628 ct

142 1652 222 1730 apud
244 1651 385 1729 populum
408 1651 571 1709 Romanum
594 1669 706 1730 semper
730 1651 884 1729 appellatil
925 1651 987 1709 Cur

143 1732 181 1789 M.
190 1731 300 1789 Brutus
313 1732 454 1788 referente
467 1738 497 1788 te
510 1730 622 1808 legibus
638 1737 682 1788 est
695 1730 814 1803 solutus,
826 1731 850 1787 si
864 1730 900 1788 ab
914 1731 989 1789 urbe

143 1811 208 1888 plus
229 1830 315 1888 quam
337 1810 435 1868 decem
456 1811 518 1868 dies
537 1811 674 1869 afuisset?
714 1809 773 1868 Cur
793 1805 854 1868 ludi
874 1810 988 1888 Apolli-

45 1932 49 1958 ,
143 1910 224 1948 neres
248 1889 409 1948 incredibili
433 1890 472 1948 M.
488 1890 574 1948 Bruti
596 1890 711 1948 honore
731 1890 883 1948 celebrati?
925 1889 987 1947 Cur

143 1970 305 2046 provinciae
312 1967 519 2042 Biubqussio
528 1970 628 2028 datae?
644 1989 694 2027 cur
701 1977 864 2046 quaestores
872 1969 985 2029 additi?

100 2073 103 2080 ¹
143 2050 194 2107 'cur
213 2049 373 2128 legatorum
395 2069 531 2107 numerus
552 2051 671 2107 auctus?
711 2049 809 2128 Atque
831 2049 901 2107 haec
921 2056 988 2107 acta

143 2148 195 2207 per
210 2136 247 2188 te.
290 2130 357 2187 Non
371 2130 461 2207 igitur
476 2128 644 2187 homicidas,
687 2128 823 2207 Sequitur
838 2136 872 2188 ut
886 2129 988 2187 libera»

143 2217 220 2267 tores
230 2216 281 2267 tuo
292 2210 407 2282 iudicio,
418 2209 533 2287 quando
544 2209 660 2286 quidem
675 2210 792 2267 t'ertium
806 2208 878 2266 nihil
889 2216 987 2287 potest

121 2331 124 2337 -
143 2309 211 2348 esse.
255 2295 301 2347 32.
317 2288 395 2358 Quid
408 2291 470 2348 estl
490 2308 560 2346 num
577 2288 719 2346 conturbo
733 2290 780 2346 tel
820 2289 888 2346 Non
906 2289 986 2346 enim

143 2369 265 2427 fortasse
274 2370 427 2446 setis‚quae
436 2368 593 2427 diiunctius
601 2368 743 2440 dicuntur,
751 2369 895 2446 intelligis.
927 2367 987 2426 sed

143 2455 240 2506 tamen
253 2449 324 2506 haec
338 2468 450 2506 summa
463 2456 507 2507 est
520 2449 712 2508 conclusionis
725 2467 824 2507 meae:
847 2448 986 2526 quoniam

144 2528 247 2586 scelere
262 2547 279 2585 a
292 2535 321 2586 tc
335 2527 447 2586 liberati
461 2536 536 2600 sunt,
546 2529 582 2587 ab
597 2529 699 2588 eodem
714 2528 897 2605 amplissimis
907 2547 988 2605 prae·

144 2608 211 2664 miis
227 2608 412 2684 dignissimos
428 2608 577 2668 iudIcatos.
621 2609 722 2686 ltaque
739 2608 796 2664 iam
813 2614 987 2666 retexoora·

144 2686 254 2744 tionem
265 2706 366 2744 meam.
403 2686 532 2745 Scribam
543 2688 579 2746 ad
590 2689 663 2758 illos,
672 2695 714 2759 ut,
725 2689 749 2745 si
760 2688 810 2764 qui
820 2688 896 2746 forte
907 2687 987 2766 quod

145 2784 163 2822 a
178 2772 207 2823 te
221 2764 293 2822 mihi
310 2765 454 2828 obiectum
471 2774 515 2825 cst
532 2776 669 2846 quaerent
682 2769 757 2826 sitne
770 2787 877 2838 verum,
889 2787 925 2824 ne
938 2767 986 2824 cui

145 2852 259 2920 negent
296 2845 410 2902 Etenim
422 2864 520 2904 vercor
533 2867 570 2906 ne
584 2854 634 2906 aut
648 2849 770 2906 celatum
785 2867 832 2904 me
845 2847 901 2904 illis
915 2847 987 2923 ipsis

146 2940 205 2979 uon
221 2923 374 2980 honestum
394 2931 444 2982 aut
459 2925 613 2984 invitatum
630 2927 769 3004 refugisse
785 2926 864 2984 mihi.
876 2927 913 2984 sit
928 2932 988 2983 tur·

146 3000 304 3074 pissimum.
338 3001 416 3069 Quae
428 3005 504 3060 enim
519 3024 719 3084 resumquam,
729 3006 804 3084 proh
814 3013 911 3065 sancte
921 3005 988 3083 Iup

146 3079 237 3154 piter!
258 3098 317 3136 nou
333 3081 422 3138 modo
436 3083 466 3139 in
483 3083 536 3140 hae
553 3085 631 3155 urbe,
643 3084 694 3143 sed
706 3086 736 3142 in
753 3086 889 3145 omnibus
905 3086 988 3145 terris

147 3163 191 3220 eat
206 3164 288 3234 gesta
302 3159 413 3218 maiori
437 3179 509 3238 quus
524 3163 694 3240 gloriosiori
715 3184 795 3243 quac¹
806 3165 989 3225 commenda.
