2262 3412
270 152 297 194 ,ι
394 139 768 202 cnP.vu.-1x.‚e1o-as.
844 129 878 152 ’·
964 147 999 194 'a

157 245 240 304 dates
252 243 393 322 profugit,
404 249 438 301 ut
451 263 487 301 ex
502 243 604 301 eodem
618 242 716 301 Ponto
731 242 833 302 Medea
845 243 895 301 illa
911 263 1000 322 quon·
1046 279 1047 282 =

157 326 226 384 dam
240 325 402 402 profugisse
416 322 528 394 dicitur,
542 341 627 400 quam
641 323 807 400 praedicant
820 324 854 380 in
863 324 934 400 fuga
944 325 1000 383 fra·

158 406 211 463 tris
227 403 415 462 suimembra
429 403 460 460 in
477 403 512 460 iis
528 402 606 474 locis,
619 421 674 480 que
690 422 720 460 se
733 421 836 479 parens
851 423 999 482 perseque

157 490 243 556 retur,
253 483 442 561 dissipavisse,
451 488 485 540 ut
495 501 594 539 eorum
604 481 735 539 collectio
744 482 999 558 dispersamaeror·
1092 533 1100 546 .

158 583 214 642 que
228 563 337 640 patrius
351 562 525 620 celeritatem
539 561 728 639 persequendi
742 562 905 622 retardaret.
950 563 998 622 Sic

158 642 340 701 Mithridates
350 641 464 718 fugiens
477 641 632 698 maximam
643 640 703 698 vim
713 641 775 699 auri
788 648 874 720 atque
888 644 998 720 argenti

158 721 470 801 pulcherrimarumque
486 740 580 779 rerum
597 720 736 791 omnium,
749 740 819 798 quas
835 728 864 780 et
877 741 895 780 a
909 723 999 780 maio-

158 802 237 860 ribus
254 808 400 879 aooeperat
416 809 446 859 11
462 801 523 876 ipse
540 799 615 857 bello
637 801 781 878 superiore
798 808 912 859 err-tota
927 801 998 859 Asia

158 881 329 960 direptas-in
343 899 427 938 suum
441 899 562 957 regnum
579 888 767 957 congesserat,
782 881 813 938 in
827 881 923 938 Ponto
938 900 998 939 om·

158 961 226 1019 nem
239 960 362 1038 reliquit
398 960 479 1018 Haec
490 959 560 1016 dum
574 960 665 1016 nostri
679 960 818 1038 eolligunt
829 961 927 1018 omnia
936 961 998 1018 dili·

158 1041 281 1118 gentius,
293 1059 341 1098 rex
355 1039 417 1117 ipse
431 1059 447 1098 e
460 1039 593 1096 manibus
607 1040 717 1116 effugit.
753 1039 799 1098 lta
812 1040 893 1098 illum
907 1060 924 1098 a
936 1060 998 1118 per
1079 1043 1081 1046 ’

159 1120 297 1197 sequendi
317 1119 412 1177 studio
437 1138 557 1189 maeror,
573 1118 627 1176 hos
647 1118 756 1190 laetitia
775 1119 906 1178 tardavit.
949 1127 995 1179 23.

158 1199 290 1258 Huncin
304 1198 354 1256 illo
367 1199 472 1256 timore
488 1206 518 1256 et
530 1199 602 1276 fuga
612 1198 757 1276 Tigranes,
771 1219 821 1256 rex
835 1199 995 1272 Armenius,

158 1278 272 1357 excepit
286 1278 520 1356 diffidentemque
537 1278 621 1336 rebus
637 1278 696 1336 suis
712 1277 891 1336 confirmavit
905 1287 934 1337 et
950 1280 998 1337 ad·

158 1358 270 1417 flictum
283 1358 373 1416 erexit
386 1359 589 1437 perditumque
605 1359 748 1416 recreavit.
791 1357 880 1416 Cuius
893 1359 923 1415 in
937 1378 998 1436 reg-

159 1457 229 1496 num
249 1445 351 1516 postea
372 1458 458 1516 quam
479 1438 510 1496 L
523 1431 657 1496 Luoussus
677 1457 743 1496 cum
764 1438 995 1511 exercitarenit,

159 1518 254 1596 plures
265 1519 351 1576 etiam
361 1525 461 1596 gentes
472 1525 572 1576 contra
581 1518 782 1595 imperatorem
793 1525 920 1576 nostrum
933 1537 998 1576 con-

159 1598 264 1656 citatae
278 1604 352 1656 sunt.
389 1597 464 1655 Erat
480 1597 557 1655 enirn
577 1604 672 1654 metus
688 1597 809 1655 iniectus
825 1597 1016 1656 1111111111.

158 1676 221 1749 bus,
234 1696 304 1755 quas
323 1696 481 1755 numquam
498 1677 623 1755 populus
638 1677 786 1734 Romanus
806 1696 898 1754 neque
914 1677 998 1735 laces·

159 1757 262 1814 sendas
279 1756 355 1815 bello
375 1776 468 1834 neque
486 1756 669 1834 temptandas
684 1756 813 1833 putavit:
835 1764 895 1814 erat
911 1757 998 1814 111111

159 1836 216 1894 alia
228 1837 323 1914 gravis
336 1844 423 1914 atque
435 1835 588 1894 vehemens
601 1835 709 1912 opinio,
722 1855 793 1913 quae
807 1837 919 1893 animos
931 1855 998 1913 gen-

158 1915 234 1973 tium
255 1915 437 1974 barbararum
461 1922 630 1992 pervaserat,
647 1915 710 1973 fani
731 1915 948 1993 locupletissimi
969 1921 998 1973 et

158 1995 367 2073 religiosissimi
387 1995 543 2072 diripiendi
563 2014 647 2053 causa
666 1995 696 2052 in
718 2014 764 2052 eas
785 2015 848 2053 oras
868 2002 998 2052 nostrum

159 2094 221 2133 esse
242 2075 397 2133 exercitum
418 2075 583 2132 adductum.
625 2073 670 2132 Ita
686 2075 817 2135 nationes
834 2074 941 2132 multae
958 2082 999 2132 at

160 2173 217 2232 que
232 2174 353 2232 magnae
369 2173 445 2212 novo
463 2154 588 2231 quodam
604 2159 711 2212 terrore
731 2174 764 2212 ac
780 2161 860 2212 metu
877 2155 999 2212 eoncita-

158 2233 272 2293 bantur.
314 2233 420 2292 Noster
436 2240 532 2291 autem
549 2234 696 2306 exercitus,
712 2234 827 2292 tametsi
843 2233 942 2291 urbem
964 2253 998 2290 ex

160 2313 279 2392 Tigrani
292 2333 381 2391 regno
398 2320 511 2390 ceperat
525 2320 554 2370 et
568 2313 683 2390 proeliis
699 2333 767 2370 usus
783 2320 843 2371 erat
857 2313 996 2385 secundis,

159 2401 257 2452 tamen
270 2395 361 2451 nimia
370 2393 581 2470 longinquitate
594 2393 722 2450 locorum
735 2411 768 2450 ae
782 2393 922 2450 desiderio
936 2413 999 2450 suo

158 2493 225 2532 rum
252 2473 493 2531 commovebatur.
536 2478 583 2530 24.
603 2471 661 2530 Hie
685 2473 741 2529 iam
767 2472 849 2549 plura
875 2491 933 2529 non
958 2472 999 2529 di-

159 2571 240 2611 cam:
257 2553 315 2611 fuit
326 2552 403 2610 enim
417 2551 489 2610 illud
500 2559 667 2623 extremum,
679 2559 712 2608 11
723 2571 757 2608 ex
767 2553 803 2609 iis
813 2551 883 2609 locis
897 2571 914 2608 a
926 2553 1000 2609 mili-

160 2632 239 2690 tibus
255 2632 360 2691 nostris
377 2631 486 2689 reditus
501 2631 594 2708 magis
610 2638 738 2688 maturus
755 2651 841 2708 quam
854 2632 998 2708 processio

120 2725 122 2728 '
161 2711 275 2790 longior
288 2717 476 2790 quaereretur.
512 2709 693 2768 Mithridates
704 2717 800 2768 autem
811 2718 839 2768 et
851 2731 930 2768 suam
941 2730 1000 2768 111-

160 2811 231 2849 num
245 2792 302 2850 iarn
313 2790 494 2849 confirmarat
504 2797 533 2848 et
544 2809 651 2861 eorum,
662 2791 711 2868 qui
722 2810 751 2848 se
762 2811 796 2848 ex
807 2791 897 2868 ipsius
910 2809 999 2867 regno

161 2871 341 2948 collegerant,
356 2877 385 2928 et
402 2870 515 2947 magnis
531 2869 699 2927 adventiciis
715 2870 827 2928 auxiliis
843 2870 999 2928 multorum

161 2969 261 3026 regum
276 2956 305 3008 et
317 2951 468 3007 nationum
483 2949 638 3007 iuvabatur.
674 2949 735 3007 Iam
746 2949 801 3008 hoo
814 2950 875 3007 fere
885 2949 926 3005 sic
939 2948 1000 3005 fieri

159 3030 251 3088 solere
269 3030 439 3107 accepimus,
455 3035 488 3086 ut
504 3047 604 3104 regum
620 3028 751 3086 adflictae
767 3030 900 3086 fortunae
914 3027 1000 3084 facile

162 3109 320 3168 multorum
335 3128 404 3187 opes
417 3107 554 3166 adliciant
567 3106 604 3163 ad
620 3107 853 3178 misericordiam,
864 3107 1000 3164 maxime

160 3208 217 3266 que
234 3209 342 3262 eorum,
355 3188 404 3268 qui
421 3195 471 3248 aut
486 3205 568 3267 reges
586 3193 654 3246 sunt
670 3191 720 3244 aut
737 3185 837 3255 vivunt
852 3185 883 3243 in
900 3205 999 3264 regno,

297 3285 314 3338 2
520 3277 526 3292 .
