2240 3418
395 147 473 199 CAP.
489 148 616 212 ILXL,
634 147 649 210 ξ
664 152 754 203 21-27,
947 155 998 208 227
1046 155 1053 168 ’

153 255 217 308 tore
234 249 323 310 domo
338 249 450 327 prolata
466 249 666 309 defendimus:
687 271 734 309 eas
750 252 835 330 leges,
848 273 918 330 quas
934 255 996 332 ipse

154 329 239 388 nobis
252 329 479 406 inspectantibus
492 330 630 402 recitavit,
639 332 843 407 pronuntiavit,
851 333 926 406 tulit,
936 337 996 412 qui·

154 409 208 467 bus
229 409 294 483 latis
316 408 492 486 gloriabatur
513 409 610 487 eisque
634 409 745 487 legibus
767 431 827 469 rem
849 413 995 490 publicam

154 489 294 547 contineri
312 487 441 567 putabat,
457 488 493 546 de
514 489 676 566 provinciis,
691 489 727 547 de
747 490 868 563 iudiciis,
884 511 939 565 eas,
953 495 996 552 in-

154 587 249 646 quam,
262 567 390 626 Caesaris
410 567 488 645 leges
504 587 565 639 nos,
578 569 628 646 qui
645 569 827 627 defendimus
847 578 911 630 acta
926 572 996 632 Gae-

154 649 231 719 saris,
249 647 416 707 evertendas
439 649 594 725 puumusl
635 655 682 707 25.
700 649 746 707 Ac
768 649 804 707 de
828 650 874 708 his
896 658 993 711 tamen

153 727 272 805 legibus,
289 748 361 806 quae
377 727 575 806 promulgatae
592 735 667 799 sunt,
683 729 784 787 saltem
801 731 881 808 queri
897 751 995 808 possu-

153 822 231 866 mus:
254 808 290 866 de
306 808 350 881 iis,
362 827 435 886 quae
453 809 512 866 iam
533 807 606 866 latae
627 809 770 882 dicuntur,
784 829 821 868 ne
842 810 914 868 illud
934 812 995 888 qui-

72 875 86 898 ⁴
132 903 135 910 ¹
153 886 220 944 dem
233 887 322 947 licuit
358 887 427 947 Illae
441 889 519 947 enim
533 888 594 946 sine
608 887 666 946 ulla
676 889 907 968 promulgatione
920 890 993 950 latae

152 973 220 1024 sunt
230 974 296 1026 aute
307 987 393 1045 quarn
408 969 537 1046 scriptae.
572 967 685 1037 Quaero
700 975 796 1027 autem
811 969 882 1048 quid
893 970 930 1027 sit
944 990 994 1029 cur

152 1053 203 1104 aut
216 1067 271 1124 ego
285 1054 335 1106 aut
346 1048 496 1126 quisquam
510 1055 646 1121 vestrum,
658 1055 754 1126 patres
768 1049 932 1126 conscripti,
944 1050 994 1109 bo·

152 1127 198 1182 nis
213 1126 336 1184 tribunis
352 1127 430 1205 plebi
446 1128 524 1205 leges
539 1128 628 1186 malas
648 1135 766 1187 metuat
809 1128 929 1187 Paratos
945 1129 993 1188 ha-

151 1203 253 1263 bemus
263 1207 314 1284 qui
326 1207 521 1266 intercedant:
538 1215 653 1286 paratos
664 1208 714 1286 qui
725 1227 785 1266 rem
796 1207 941 1285 publicam
952 1229 993 1268 re·

152 1284 259 1362 ligione
273 1285 449 1344 defendant:
469 1288 553 1345 vacui
566 1295 645 1346 metu
660 1307 721 1346 esse
734 1287 879 1347 debemus.
915 1288 993 1358 Quas

152 1370 184 1422 tu
200 1365 282 1437 mihi,
293 1365 397 1444 inquit,
409 1366 634 1448 intercessiones,
645 1387 715 1446 quas
728 1367 900 1446 religionesl
936 1368 993 1426 Eas

151 1444 267 1516 scilicet,
280 1445 384 1523 quibus
402 1447 444 1503 rei
465 1446 595 1524 publicae
616 1447 690 1506 salus
710 1449 881 1507 continetur.
917 1447 993 1526 Neg-

152 1523 268 1600 liglmus
294 1525 351 1582 ista
374 1531 404 1584 et
427 1525 514 1583 nimis
541 1527 659 1604 antiqua
682 1546 715 1588 ac
739 1527 827 1585 stulta
851 1527 990 1587 ducimus.

152 1603 258 1660 Forum
274 1605 435 1682 saepiatur:
457 1624 556 1663 omnes
572 1606 740 1665 claudentur
755 1607 868 1666 aditus:
889 1608 993 1666 amiati

152 1682 182 1740 in
202 1683 351 1762 praesidiis
371 1683 471 1744 multis
491 1684 561 1754 locis
581 1685 804 1746 collocabuntur.
847 1692 894 1745 26.
912 1687 991 1756 Quid

150 1764 233 1820 tumt
266 1761 353 1831 Quod
366 1764 408 1821 ita
421 1764 475 1822 erit
488 1771 610 1841 gestum,
622 1764 653 1822 id
666 1766 712 1825 lex
726 1767 788 1838 erit,
801 1773 830 1825 et
844 1766 874 1824 in
888 1785 936 1824 aes
948 1768 992 1824 iu·

151 1842 210 1900 cidi
228 1841 371 1916 iubebitis,
387 1843 480 1915 crede,
495 1843 544 1902 illa
563 1844 708 1920 legitima:
730 1865 883 1905 uouemus
900 1865 992 1906 roru-

151 1941 213 1980 uuu
231 1941 303 1980 man
321 1921 670 1982 accuratum-hocine
683 1944 701 1982 a
713 1926 869 1984 maioribus
883 1927 991 2004 accepi·
1042 1935 1046 1940 '

150 2021 216 2058 mus
232 2000 277 2059 ius
293 2001 672 2079 repandit—roruuuscuu
691 2023 764 2062 man
784 2023 890 2064 servm
932 2005 990 2075 Qui
1008 2065 1022 2095 ι

151 2081 294 2158 populusl
314 2081 384 2153 isne,
397 2081 447 2158 qui
467 2082 597 2140 exclusus
617 2083 681 2140 estl
715 2081 779 2152 Quo
793 2084 871 2143 iuret
891 2104 928 2142 an
945 2105 988 2158 ec,

152 2160 230 2236 quod
246 2161 275 2218 vi
292 2167 322 2218 et
338 2161 425 2218 armis
441 2165 527 2219 omne
543 2161 688 2220 sublatum
705 2163 765 2220 esti
804 2162 905 2240 Atque
920 2164 990 2223 haec

151 2240 217 2297 dico
238 2239 274 2298 de
292 2240 406 2311 tuturis,
419 2241 498 2319 quod
513 2247 557 2298 est
577 2242 734 2299 amicorum
754 2248 821 2299 ante
837 2243 930 2300 dicere
947 2263 988 2314 ea,

152 2319 321 2396 quaeritari
337 2321 465 2397 possint:
488 2339 559 2398 quae
573 2320 598 2377 si
611 2321 688 2378 faeta
703 2339 762 2378 non
779 2328 870 2392 erunt,
881 2323 990 2382 refelle-

151 2404 199 2457 tur
215 2400 306 2457 oratio
322 2419 394 2458 mea
436 2398 552 2476 Loquor
568 2399 605 2458 de
617 2399 728 2476 legibus
744 2400 941 2478 promulgatis,
953 2403 990 2460 de

152 2477 255 2555 quibus
276 2485 320 2537 est
337 2480 482 2556 integrum
500 2477 591 2537 vobis.
631 2478 807 2538 Demonstro
826 2480 912 2539 vitia:
937 2482 991 2540 tol-

151 2557 209 2616 lite.
250 2558 400 2617 Denuntio
413 2559 588 2630 vimarma:
609 2565 760 2617 removete.
983 2627 985 2634 Ι

191 2637 244 2695 ΧΙ.
280 2637 327 2695 27.
343 2638 430 2696 Irasci
454 2637 572 2715 quidem
592 2657 644 2696 vos
666 2638 748 2710 mihi,
762 2638 921 2711 Dolabella,
936 2658 990 2718 pro

150 2734 181 2774 re
191 2717 306 2794 publica
319 2717 427 2776 dicenti
436 2736 495 2775 non
509 2717 662 2795 oportebit
695 2717 875 2796 Quamquam
889 2726 919 2778 te
929 2719 991 2797 qui·
1093 2715 1098 2724 '

152 2794 218 2853 dem
245 2796 277 2854 id
302 2797 447 2854 facturum
473 2816 533 2854 non
560 2797 700 2856 arbitror:
728 2798 797 2856 novi
820 2797 988 2856 facilitatem
1025 2816 1028 2834 ²

150 2881 247 2933 tuam:
269 2875 408 2952 collegam
421 2883 504 2934 tuum
518 2876 599 2934 aiunt
609 2876 640 2933 in
653 2875 708 2934 hae
721 2895 772 2934 sua
781 2877 907 2948 fortuna,
918 2897 990 2954 quae

151 2953 227 3012 bona
243 2955 300 3032 ipsi
315 2954 528 3027 videtur,.mihi,
540 2974 577 3014 ne
590 2957 705 3033 gravius
719 2953 868 3033 quippiam
884 2957 988 3028 dicam,

150 3053 268 3091 avorum
280 3043 311 3093 et
318 3034 450 3094 avunculi
464 3035 509 3093 sui
525 3035 704 3094 consulatum
718 3035 743 3092 si
755 3035 923 3107 imitaretur,
932 3036 991 3093 for-

150 3115 279 3172 tunatior
294 3113 528 3174 videretur-sed
546 3133 612 3173 sum
632 3113 800 3172 iracundum
821 3114 907 3172 audio
928 3133 990 3172 esse

1 3195 2 3204 ³
152 3191 269 3252 factum.
298 3193 393 3253 Video
404 3199 500 3252 autem
511 3212 597 3270 quam
608 3192 646 3252 sit
656 3192 788 3271 odiosum
798 3191 902 3251 habere
912 3212 990 3254 eum-
