2262 3418
369 118 448 170 cnr.
460 119 621 184 ·v1.-v111.‚
638 120 652 182 s
668 121 756 173 rr-ro.
935 123 983 172 145

142 221 197 282 erit
207 220 356 299 parricida,
367 221 390 278 si
402 220 451 298 qui
465 221 642 279 consularem
656 227 766 299 patrem
783 241 868 299 qnam
883 222 983 301 siquis

110 299 124 320 ”
142 301 281 360 humilem
296 301 411 373 necarit,
423 307 473 358 aut
487 320 521 358 eo
535 320 613 358 mors
626 301 750 359 atrocior
764 303 818 360 er'fl
834 302 867 361 P.
876 302 981 376 Clodii,

143 381 221 458 quod
234 381 259 437 is
272 380 302 437 in
314 381 508 437 monumentis
518 380 659 442 maiorum
674 401 788 440 suorum
801 382 839 440 sit
852 383 983 442 interfec-

142 460 285 519 tus—hoo
302 459 379 517 enim
393 459 429 516 ab
442 459 506 518 istis
523 479 606 537 saepe
620 460 886 539 dicitur—proinde
901 464 982 541 quasi

141 540 257 618 Appius
270 539 317 597 ille
332 539 440 598 Caecus
453 539 529 597 viam
542 540 705 612 muniverit,
715 559 774 598 non
788 561 845 619 que
857 543 982 620 populns

141 626 276 690 uteretur,
289 619 339 678 sed
353 619 403 677 ubi
417 619 535 696 impune
550 619 593 677 sui
607 621 715 697 posteri
729 620 981 682 latrocinarenturl

144 705 189 756 18.
199 699 300 777 Itaque
310 700 341 756 in
352 699 451 757 endem
462 700 518 758 ista
527 699 625 777 Appia
635 701 681 758 via
691 719 757 759 oum
768 702 983 760 ornatissimum

142 779 268 857 equitem
284 779 448 837 Romanum
465 779 498 838 P.
509 779 628 838 Clodius
644 780 682 839 M.
695 781 843 859 Papirium
864 782 982 839 occidis·

141 865 193 930 set,
205 878 263 916 non
279 859 337 917 fuit
353 859 425 917 illud
438 859 550 918 facinus
566 860 777 938 poeniendum:
798 861 887 918 homo
904 863 981 920 enirn

141 938 246 996 nobilis
262 940 365 996 inanis
381 940 577 998 monumentis
591 940 717 1019 equitem
731 941 895 999 Romanum
909 941 982 999 occi-

142 1019 238 1077 derat:
260 1038 336 1076 nunc
351 1019 478 1078 eiusdem
489 1018 604 1098 Appiae
617 1040 723 1080 nomen
738 1028 858 1098 quantas
872 1028 984 1098 tragos⁴¹

142 1098 204 1156 dias
224 1099 345 1158 excitat!
387 1099 467 1168 Quae
487 1105 635 1158 cruentata
658 1108 742 1158 antea
762 1101 847 1158 caede
867 1100 982 1158 honesti

142 1185 227 1256 atque
248 1178 409 1237 innocentis
430 1179 484 1237 viri
505 1179 648 1251 silebatur,
663 1179 764 1238 eadem
785 1199 862 1236 nnnc
883 1180 981 1238 crebro

142 1265 302 1336 usurpatur,
320 1266 421 1336 postea
442 1279 528 1337 quam
552 1259 670 1317 latronis
691 1265 720 1316 et
740 1259 897 1336 parricidae
920 1279 982 1316 san·

141 1339 229 1416 guina
245 1339 357 1397 imbuta
374 1346 424 1398 est.
467 1339 524 1398 Sed
541 1339 612 1417 quid
628 1358 683 1416 ego
699 1338 749 1396 illa
769 1340 982 1396 commemoret

142 1418 373 1496 comprehensus
387 1427 430 1476 est
446 1419 476 1476 in
493 1418 602 1495 templo
619 1418 745 1476 Castoris
764 1437 860 1476 servus
876 1418 909 1476 P.
918 1418 982 1476 Clo
1027 1452 1029 1455 ·

142 1498 191 1569 dii,
204 1517 290 1576 quem
304 1499 352 1557 ille
365 1499 403 1556 ad
413 1499 465 1556 Cn.
474 1498 647 1575 Pompeium
659 1497 885 1556 interficiendum
897 1495 982 1560 collo-

142 1586 235 1635 carat:
257 1585 368 1636 extorta
382 1585 425 1636 est
439 1577 587 1636 confitenti
601 1579 659 1636 sica
672 1578 708 1636 de
721 1577 869 1636 manibus:
891 1578 983 1636 carun

142 1657 207 1716 foro
223 1664 325 1734 postea
340 1659 505 1736 Pompeius,
517 1658 608 1716 caruit
624 1665 732 1729 senatu,
744 1658 835 1715 caruit
848 1657 980 1736 publico:

142 1737 227 1795 ianua
240 1757 270 1795 se
284 1756 316 1795 ac
326 1737 491 1816 parietibus,
502 1757 561 1795 non
575 1739 636 1796 iure
647 1737 743 1815 legum
754 1737 982 1815 iudiciorumque

142 1817 222 1893 texit
264 1823 310 1874 19.
326 1817 404 1875 Num
422 1837 494 1894 qnae
514 1818 626 1895 rogatio
647 1816 712 1889 lata,
724 1836 794 1874 num
816 1836 887 1894 quae
908 1835 983 1874 nova

143 1897 272 1975 quaestio
289 1897 403 1956 decreta
418 1899 480 1956 estl
520 1896 613 1975 Atqui
627 1897 650 1954 si
664 1916 717 1970 res,
730 1897 754 1953 si
767 1896 818 1969 vir,
830 1897 854 1954 si
867 1903 983 1974 tempus

143 1977 233 2034 ullum
250 1976 371 2054 dignum
387 1977 453 2048 fnit,
465 1983 541 2034 certe
556 1976 626 2034 haec
647 1976 677 2033 in
698 1975 747 2033 illa
766 1969 851 2034 cansa
871 1995 984 2034 summa

143 2056 241 2114 omnia
260 2057 385 2114 fuerunt.
427 2055 582 2114 Insidiator
606 2055 717 2113 eratin
740 2056 805 2114 foro
827 2055 983 2113 collocatus

143 2143 229 2214 atque
244 2137 275 2194 in
292 2135 433 2194 vestibulo
450 2137 514 2214 ipso
535 2141 657 2207 senatus,
669 2135 696 2192 ei
712 2135 773 2192 viro
792 2142 888 2193 autern
905 2153 983 2192 mors

142 2215 303 2294 parabatur,
315 2215 397 2273 cuins
417 2215 448 2272 in
464 2209 524 2273 vi'ta
544 2215 688 2274 nitebatur
709 2215 783 2272 salus
802 2214 935 2285 civitatis,
948 2232 983 2272 eo
1075 2287 1076 2290 Ἴ

143 2299 229 2374 porro
246 2296 286 2353 rei
302 2294 433 2373 publicae
447 2301 585 2373 tempore,
597 2314 663 2372 qno,
676 2293 701 2351 si
717 2314 791 2352 nnus
807 2293 855 2351 ille
868 2293 984 2350 cecidis-

143 2382 194 2446 set,
207 2394 265 2432 non
282 2375 351 2432 haec
368 2375 461 2433 solum
475 2374 583 2446 civitas,
596 2374 646 2432 sed
659 2381 760 2452 gentes
777 2392 877 2430 omnes
891 2372 984 2430 conci·

143 2454 259 2512 dissent
302 2454 366 2512 Nisi
386 2473 453 2512 vero
475 2454 542 2531 quia
563 2454 691 2532 perfecta
712 2471 836 2512 resnou
857 2459 909 2524 est,
924 2471 983 2509 non

142 2535 201 2591 fuit
216 2533 385 2611 poenienda,
396 2534 517 2611 proinde
535 2534 616 2611 quasi
632 2533 725 2592 exitus
743 2551 846 2604 rerum,
858 2551 917 2590 non
933 2531 984 2589 ho-

142 2614 255 2670 minum
276 2613 394 2670 consilia
410 2613 521 2691 legibus
540 2613 727 2672 vindicentur.
770 2612 866 2671 Minus
887 2611 984 2669 dolen·

143 2693 212 2751 dum
222 2692 280 2750 fuit
290 2713 319 2751 re
330 2712 388 2750 non
399 2693 534 2770 perfecta,
543 2693 593 2751 sed
603 2692 797 2770 poeniendum
808 2699 884 2750 certe
892 2689 983 2749 nihilo

143 2773 246 2831 minus
289 2778 336 2830 20.
353 2771 493 2841 Quotiens
509 2791 565 2850 ego
581 2773 651 2850 ipse,
663 2772 780 2844 iudices,
792 2791 827 2830 ex
844 2771 877 2830 P.
886 2770 983 2828 Clodii

143 2852 208 2910 telis
222 2858 296 2910 etex
310 2853 435 2910 cruentis
449 2853 510 2910 eius
522 2852 655 2911 manibus
669 2852 774 2929 effugi!
796 2849 946 2929 exquibus
960 2849 984 2906 si

144 2951 190 2990 me
211 2934 269 2989 non
290 2931 335 2989 vel
355 2950 420 2990 mea
439 2932 483 2990 vel
500 2933 542 2990 rei
557 2931 688 3010 publicae
705 2932 823 2989 fortuna
838 2934 983 3000 servasset,

144 3011 208 3088 quis
228 3011 345 3069 tandem
362 3011 398 3069 de
418 3011 536 3070 iuteritu
556 3031 622 3069 meo
639 3011 836 3089 quaestionem
854 3007 984 3084 tulissetl
1071 3056 1073 3060 .

144 3091 227 3150 VIII.
244 3091 302 3149 Sed
315 3091 396 3149 stulti
413 3111 511 3148 snmus
526 3092 575 3168 qui
589 3090 725 3161 Drusum,
738 3090 788 3167 qui
801 3088 982 3158 Africanum,

142 3169 325 3249 Pompeium,
335 3177 449 3230 nosmet
462 3171 541 3248 ipsos
555 3190 619 3228 cnm
634 3169 668 3229 P.
677 3169 780 3238 Clodio
795 3168 923 3226 conferre
938 3187 984 3224 au-

280 3276 315 3328 12
