2262 3412
387 144 466 196 CAP.
482 143 652 206 xri-XIV,
668 141 683 204 δ
698 145 787 196 27-31.
949 201 952 204 ,
975 149 1007 197 91
1099 172 1101 175 ·

164 247 299 326 dignitas,
312 266 424 304 summa
437 252 532 304 autem
547 246 646 324 gratia.
682 246 797 304 Etenim
812 245 924 306 avobis
937 247 1008 306 salu·

163 329 253 387 britas
270 328 419 407 quaedam,
431 326 467 385 ab
481 321 525 398 iis',
538 327 588 404 qui
602 326 710 399 dicunt,
723 327 797 384 salus
813 327 876 406 ipsa
891 329 1006 405 petitur.

162 409 277 467 Deinde
294 415 388 466 vestra
405 426 542 484 responsa
560 414 646 485 atque
663 407 777 465 decreta
794 415 823 464 et
842 415 1008 466 evertuntur

163 509 247 567 saepe
262 488 385 547 dicendo
403 495 432 546 et
449 488 510 545 sine
527 487 694 544 defensione
711 488 832 544 oratoris
848 487 930 544 firma
946 508 1007 546 esse

148 575 374 648 nonpossint:
396 569 426 625 in
442 583 498 646 qua
515 567 539 624 si
556 567 625 624 satis
638 567 832 643 profecissem,
843 568 956 644 parcius
971 568 1007 626 de

162 650 223 707 eius
242 650 325 708 laude
345 649 486 706 dicerem:
508 666 585 705 nunc
603 645 676 704 nihil
693 647 729 705 de
748 666 795 704 me
814 646 888 719 dico,
903 648 954 706 sed
971 648 1007 706 de

162 729 205 801 iis,
219 731 268 807 qui
282 730 313 787 in
327 729 450 787 dicendo
464 728 563 806 magni
578 734 644 785 sunt
658 734 708 784 aut
721 727 846 785 fuerunt.

202 809 285 868 XIV.
329 815 375 868 30.
398 808 481 867 Duae
501 814 569 866 sunt
587 814 669 878 artes,
686 826 758 885 quac
775 813 897 884 possunt
913 807 1006 866 locare

161 887 293 948 homines
309 890 340 946 in
357 889 535 966 amplissimo
552 888 643 966 gradu
657 877 823 964 dignitatis:
845 906 903 944 una
917 887 1008 965 impe

161 969 271 1041 ratoris,
284 969 372 1027 altera
388 969 509 1028 oratoris
524 968 600 1026 boni
642 967 692 1025 Ab
705 967 761 1025 hoc
777 967 854 1025 enitn
868 968 947 1044 pacis
963 988 1007 1025 or-

69 1084 72 1089 ·
161 1055 298 1106 namenta
310 1050 477 1121 retinentur,
487 1049 524 1107 ab
538 1048 588 1106 illo
602 1047 669 1106 belli
682 1046 809 1124 pericula
822 1047 1004 1124 repelluntur.
1037 1116 1038 1120 ἵ

162 1128 279 1187 Ceterae
296 1136 393 1187 tamen
410 1130 530 1186 virtutes
547 1129 625 1205 ipsae
641 1147 693 1205 per
712 1147 741 1185 se
759 1127 883 1184 multum
900 1127 1004 1200 valent,

161 1208 279 1280 iustitia,
294 1209 373 1281 fides,
388 1209 491 1286 pudor,
506 1208 712 1286 temperantia:
736 1206 840 1285 quibua
860 1214 897 1277 te,
916 1207 1005 1279 Serri,

159 1289 296 1346 excellere
315 1309 415 1348 omnes
431 1289 613 1366 intelligunt:
635 1289 685 1360 sed
702 1306 777 1345 nunc
794 1287 831 1344 de
849 1287 952 1344 studiis
968 1288 1006 1345 ad

161 1367 301 1427 honorem
323 1369 471 1446 appositis,
492 1387 551 1426 non
573 1369 609 1426 de
631 1368 718 1425 insita
742 1367 878 1444 cuiusque
900 1367 1005 1426 virtute

160 1448 285 1527 disputo.
327 1449 433 1508 Omnia
447 1450 503 1507 ista
517 1449 602 1506 nobis
618 1448 714 1506 studia
727 1448 764 1505 de
777 1446 910 1505 manibus
924 1467 1006 1506 excu-
1097 1505 1100 1512 ,

160 1529 279 1601 tiuntur,
292 1529 376 1586 simul
391 1537 476 1606 atque
490 1529 579 1606 aliqui
592 1535 690 1587 motus
706 1548 797 1586 novus
811 1527 945 1586 bellicum
962 1547 1006 1585 ca-

160 1628 227 1668 nere
251 1610 354 1687 coepit
400 1609 524 1682 Etenim,
545 1617 578 1667 ut
602 1609 644 1666 ait
668 1609 833 1687 ingeniosus
859 1615 949 1686 poeta
975 1615 1005 1666 et

160 1697 260 1747 auctor
280 1690 362 1748 valde
383 1689 485 1761 bonus,
503 1689 619 1767 proeliis
640 1689 830 1766 promulgatis
847 1689 971 1762 pellitur
991 1708 1005 1746 e

159 1770 251 1826 madio
269 1789 328 1827 non
348 1769 440 1828 solnm
458 1770 513 1827 ista
529 1776 623 1827 vestra
640 1768 760 1826 verbosa
778 1768 923 1826 simulatio
939 1788 1005 1846 pru·

159 1849 281 1920 dentiae,
294 1849 344 1907 sed
358 1850 445 1907 etiam
460 1850 523 1926 ipsa
536 1849 585 1906 illa
598 1849 717 1922 domina
729 1869 832 1920 rerum,
845 1850 1003 1923 capientia:

159 1929 189 1984 ci
203 1930 315 2002 peritur
331 1948 392 1986 res:
413 1931 558 2002 spernitur
574 1936 678 1999 orator,
694 1948 753 1986 non
772 1929 866 1986 solum
887 1929 1004 1987 odiosus

160 2007 328 2066 indicendo
345 2027 377 2066 ac
394 2006 508 2084 loquax,
520 2027 619 2065 verum
637 2008 723 2065 ctiam
742 2009 846 2065 donce:
868 2010 1004 2068 tendes

159 2088 241 2144 miles
260 2095 396 2144 amatur:
421 2095 546 2145 vestrum
567 2106 634 2144 vero
655 2088 783 2145 studium
803 2095 899 2146 totum
920 2090 1002 2148 iacet.

159 2166 231 2222 Non
244 2185 276 2224 aa
289 2168 352 2224 iure
365 2185 484 2223 manum
498 2174 663 2238 certamem,
676 2169 820 2242 eedferro,
830 2169 933 2246 inquit,
944 2189 1003 2226 rem

159 2254 297 2320 repetunt.
338 2245 425 2316 Quod
441 2247 465 2304 si
481 2247 523 2303 ita
539 2253 590 2318 est,
603 2246 693 2319 cedat,
706 2248 817 2324 opinor,
831 2247 948 2325 Sulpici,
961 2249 1004 2306 fo-

78 2351 86 2364 ·
159 2346 222 2384 rum
237 2327 343 2399 castris,
356 2327 448 2384 otium
462 2326 590 2398 militiae,
603 2327 685 2384 stilus
698 2326 804 2404 gladio,
816 2328 919 2385 umbra
932 2328 1002 2387 soli:
1110 2353 1112 2358 ·

159 2407 197 2465 sit
216 2407 339 2485 denique
359 2408 390 2465 in
411 2407 526 2465 civitate
547 2426 581 2464 ca
599 2407 694 2484 prima
712 2427 765 2480 res,
780 2415 898 2486 propter
917 2427 1003 2485 quam

159 2488 221 2566 ipsa
234 2494 278 2544 est
291 2488 392 2545 civitas
406 2487 536 2546 omnium
550 2487 691 2566 princepe.

200 2573 245 2626 31.
262 2567 372 2626 Verum
391 2567 461 2625 haec
478 2567 555 2629 Cato,
571 2567 694 2625 nimium
712 2586 767 2626 nos
784 2568 890 2626 nostris
909 2568 1003 2627 verbis

43 2655 48 2666 '
158 2666 264 2725 magna
277 2647 370 2705 facere
384 2648 562 2706 demonstrat
576 2654 606 2706 et
619 2647 725 2706 oblitos
739 2668 799 2707 esse
813 2648 919 2707 bellum
931 2649 1003 2708 illud

159 2746 244 2784 omne
265 2726 495 2785 Mithridaticum
516 2748 583 2786 cum
602 2728 777 2787 mulierculis
798 2748 858 2787 esse
878 2737 1007 2807 gestum.n

159 2806 245 2876 Quod
264 2826 318 2884 ego
339 2808 425 2885 longe
446 2827 527 2865 secus
543 2808 690 2880 existimo
705 2809 830 2867 iudices:
854 2810 947 2887 deque
968 2830 1002 2868 eo

157 2906 250 2964 pauca
263 2887 408 2945 disseram.
451 2887 552 2965 Neque
568 2888 645 2945 enim
663 2908 747 2947 eausa
759 2890 790 2946 in
804 2888 860 2946 hoc
877 2890 1003 2947 contine

158 2975 213 3025 tur.
256 2966 331 3024 Nam
351 2968 375 3024 si
394 2968 492 3025 omnia
507 2966 590 3039 bella,
607 2987 678 3046 quae
698 2987 763 3026 cum
782 2969 898 3026 Graecis
916 2970 1003 3046 gessi-

158 3066 231 3120 mue,
247 3047 457 3106 contemnenda
478 3054 552 3119 sunt,
568 3048 731 3106 derideatur
749 3049 785 3106 de
804 3067 870 3125 rege
889 3049 1002 3125 Pyrrho

158 3125 323 3204 triumphus
345 3127 393 3185 Μ’.
410 3127 498 3200 Curii,
517 3128 553 3186 de
576 3128 714 3206 Philippo
737 3128 770 3186 T.
787 3128 947 3200 Flaminini,
966 3129 1002 3188 de

47 3229 52 3242 ·
160 3205 272 3267 Aetolis
289 3207 327 3266 M.
340 3207 440 3280 Fulvii,
456 3207 492 3266 de
511 3227 577 3291 rege
596 3208 683 3267 Perse
700 3207 732 3266 L
744 3208 845 3278 Paulli,
861 3208 897 3266 de
916 3208 1003 3266 Pseu·
