2240 3418
122 107 173 156 roc
323 101 393 154 rao
410 103 441 163 c
455 69 605 152 musmo
622 100 764 152 casuro.

122 207 223 265 dorem
242 205 380 276 omnium,
391 203 465 261 hanc
481 202 679 260 Brocchorum
695 202 824 274 domum,
835 201 913 261 hunc
929 201 962 264 E

122 287 270 356 Marcium,
278 284 310 343 O.
317 284 488 354 Caesetium,
496 282 527 341 L.
535 281 702 354 Corfidium,
709 282 765 340 hos
775 301 875 340 omnes
886 285 964 361 equi·

121 373 165 424 tes
185 365 339 435 Romanos,
355 364 404 441 qui
425 363 530 421 adsunt
549 369 628 420 veste
649 369 769 434 mutata,
784 382 844 420 non
868 364 962 422 solum

121 452 207 503 notos
226 443 289 516 tibi,
304 462 410 502 verum.
427 444 514 502 etiam
538 442 675 520 probatos
695 443 779 514 viros,
796 443 845 520 qui
865 449 961 502 tecum

121 525 256 582 fuerunti
289 523 388 602 Atque
401 522 447 580 his
461 523 659 595 irascebamur,
670 523 724 580 hos
737 522 961 600 requirebamus,

120 605 166 664 his
186 623 247 662 non
269 603 342 662 nulli
362 606 450 662 etiam
473 602 665 660 minabantur.
707 601 853 660 Conserva
872 603 963 680 igitur

119 685 177 752 tuis
191 705 266 756 suos,
276 691 317 757 ut,
328 704 414 763 quem
426 684 465 741 ad
475 683 594 740 modum
609 690 710 753 cetera,
720 702 792 760 quae
806 682 963 740 dictasunt
974 685 981 700 '

120 773 187 838 ate,
200 765 240 822 sic
253 765 310 822 hoc
323 765 503 822 verissimum
516 763 681 840 reperiatur.
717 762 786 821 XII.
816 767 862 821 34,
875 760 962 832 Quod

120 846 145 904 si
158 845 273 923 penitus
286 841 445 921 perspicere
459 862 557 920 posses
574 843 756 900 concordiam
771 842 960 919 Ligariorum,

120 945 221 983 omues
244 925 347 982 fratres
371 931 467 982 tecum
491 923 632 980 iudicares
654 923 751 980 fuisse.
794 922 844 979 An
865 929 962 999 potest

121 1005 273 1082 quisquam
289 1003 420 1066 dubitare
438 1003 516 1081 quin,
529 1004 554 1060 si
567 1002 601 1072 Q
612 1002 742 1080 Ligarius
756 1002 786 1058 in
801 1001 885 1059 Italia
901 1021 962 1059 esse

120 1085 269 1162 potuisset,
281 1084 312 1142 in
328 1084 428 1141 eadem
445 1083 587 1141 sententia
603 1083 706 1140 fuisset
722 1083 845 1152 iuturus,
857 1081 888 1138 in
906 1100 963 1158 qua

120 1166 222 1222 fratres
232 1165 368 1222 fuerunt?
401 1162 473 1232 Quis
487 1169 531 1220 est
541 1163 591 1240 qui
601 1162 705 1219 horum
716 1179 886 1218 consensum
897 1179 964 1218 con·

121 1245 275 1321 spirantem
293 1251 323 1302 et
338 1262 429 1321 paene
446 1241 602 1310 conflatum
619 1241 650 1298 in
666 1241 720 1298 hac
737 1259 827 1317 prope
841 1240 965 1317 aequali·

84 1359 86 1367 1
120 1330 180 1382 tate
190 1324 316 1382 fraterna
328 1343 388 1381 non
401 1322 531 1381 noveriti
553 1322 603 1398 qui
616 1320 672 1378 hoc
685 1339 745 1377 non
759 1319 872 1389 sentiat,
883 1319 964 1397 quid·

120 1404 164 1460 vis
180 1404 259 1480 prius
275 1404 405 1462 futurum
420 1402 517 1473 fuisse,
529 1420 615 1479 quam
630 1407 664 1458 ut
676 1400 708 1458 hi
721 1399 824 1457 fratres
839 1399 964 1457 diversas

121 1484 276 1542 sententias
289 1484 476 1560 fortunasque
493 1481 695 1558 sequerenturi
736 1479 895 1538 Voluntatc
911 1479 965 1557 igi-

35 1585 41 1596 ·
121 1571 169 1621 tur
189 1581 289 1622 omues
309 1569 404 1620 tecum
425 1563 551 1632 fuerunt,
568 1567 740 1638 tempestate
764 1558 900 1636 abreptus
921 1566 965 1617 est

121 1661 204 1714 uuus,
217 1643 266 1720 qui
284 1642 307 1699 si
324 1641 493 1719 consilioid
508 1640 632 1712 fecisset,
644 1647 719 1698 esset
735 1658 835 1697 eorum
852 1638 966 1711 similis,

123 1729 241 1800 questu
254 1729 351 1779 tamur
365 1721 458 1779 salvos
471 1740 531 1798 esse
545 1719 669 1778 voluisti.
713 1725 759 1777 35.
776 1717 835 1777 Sed
848 1718 914 1776 ierit
927 1719 964 1777 sd

122 1801 237 1873 bellum,
254 1801 418 1859 dissenserit
438 1820 498 1858 non
518 1820 535 1858 a
554 1807 584 1859 te
605 1799 707 1872 solum,
718 1818 819 1858 verum
839 1799 927 1856 etiam
947 1820 965 1857 a

121 1881 277 1939 fratribus:
298 1880 330 1938 hi
345 1887 375 1938 te
392 1888 475 1939 orant
490 1881 542 1938 tui.
558 1897 565 1908 ·
584 1879 736 1957 Equidem,
750 1898 816 1937 cnm
829 1879 888 1937 tuis
905 1899 965 1936 om-

122 1961 207 2019 nibus
227 1960 352 2038 negotiis
371 1961 546 2031 interessem,
558 1959 698 2017 memoria
717 1966 802 2017 teneo
819 1959 913 2037 qualis
929 1959 962 2018 T.

122 2041 254 2118 Ligarius
270 2047 404 2119 quaestor
420 2039 545 2097 urbanus
560 2038 650 2096 fuerit
666 2058 734 2116 erga
748 2045 778 2097 te
795 2045 825 2097 et
842 2038 966 2117 dignita-

122 2128 183 2179 tem
196 2128 284 2179 tuam.
320 2119 378 2178 Sed
392 2138 493 2196 parum
508 2125 551 2176 est
564 2137 611 2176 me
625 2118 681 2176 hoc
695 2119 868 2190 meminisse,
881 2138 963 2196 spero

123 2202 210 2259 etiam
231 2208 269 2272 te,
281 2201 332 2278 qui
351 2198 481 2257 oblivisci
497 2198 569 2255 nihil
587 2196 661 2255 soles
680 2197 737 2255 nisi
757 2198 883 2268 iniurias,
896 2217 968 2275 quo-

122 2281 201 2338 niam
221 2280 276 2338 hoc
297 2286 341 2338 cst
360 2279 458 2350 animi,
473 2278 609 2355 quoniam
631 2277 717 2335 etiam
738 2277 848 2355 ingenii
868 2279 920 2349 tui,
935 2285 965 2336 te

122 2361 233 2438 aliquid
243 2361 279 2418 de
293 2360 378 2418 huius
392 2359 441 2416 illo
457 2357 618 2436 quaestorio
633 2357 736 2428 officio,
749 2358 836 2415 etiarn
851 2356 887 2414 de
901 2357 965 2415 aliis

123 2440 296 2518 quibusdam
324 2439 523 2517 quaestoribus
552 2437 790 2509 reminiscentem,
812 2436 964 2495 recordari.

124 2527 170 2578 36.
183 2519 241 2577 Hic
255 2519 345 2596 igitur
354 2518 387 2577 Τ.
396 2519 535 2596 Ligarius,
545 2517 595 2595 qui
608 2523 671 2574 tum
685 2516 757 2575 nihil
772 2516 833 2595 egit
846 2516 967 2575 aliud-

123 2619 215 2677 neqne
232 2600 310 2657 enim
326 2599 396 2656 haec
413 2597 656 2656 divinabat-nisi
670 2604 703 2655 ut
717 2616 783 2655 cum
797 2597 841 2656 tui
857 2597 966 2655 studio-
982 2631 985 2635 .

123 2699 188 2736 sum
208 2686 238 2737 et
257 2678 367 2737 bonum
383 2678 476 2736 virum
497 2677 644 2748 iudicares,
659 2696 738 2742 nunc,
756 2697 774 2735 a
792 2684 822 2735 te
845 2676 965 2754 supplex

123 2759 221 2816 fratris
237 2758 357 2815 salutem
374 2757 464 2834 petit:
486 2777 573 2835 quam
588 2757 674 2814 huius
690 2757 856 2815 admonitus
870 2755 965 2814 officio

123 2857 190 2894 cum
208 2838 337 2913 utrisque
352 2835 398 2893 his
414 2837 534 2907 dederis,
543 2843 603 2895 tres
619 2836 721 2894 fratres
732 2837 865 2914 optimos
880 2836 966 2894 etin·

123 2917 293 2992 tegerrimos
306 2933 365 2971 non
379 2913 472 2971 solum
486 2914 542 2972 sibi
551 2915 630 2992 ipsos
644 2935 736 2993 neque
746 2915 792 2973 his
801 2923 847 2974 tot
860 2933 893 2973 ac
902 2915 970 2973 tali*

124 2994 179 3052 bus
195 2995 263 3051 viris
279 3012 371 3070 neque
388 2993 472 3051 nobis
488 2995 653 3051 necessariis
662 2991 736 3066 suis,
748 2995 799 3053 sed
819 2995 906 3053 etiam
923 2995 965 3052 rei

124 3073 256 3150 publicae
272 3073 489 3130 condonaveris.·
529 3071 575 3130 37.
592 3073 647 3131 Fac
664 3074 760 3150 igitur,
773 3074 852 3151 qnod
865 3074 974 3132 de·ho-'

125 3151 209 3216 mine,
217 3149 396 3208 nobilissimo
410 3158 439 3209 et
452 3151 609 3209 clarissimo
619 3152 715 3210 fecisti
728 3172 820 3231 nuper
832 3154 863 3211 in
877 3148 975 3222 curia,5
