2262 3418
336 545 380 610 M.
401 543 549 610 TULLII
578 545 812 610 CICERONIS

150 703 224 782 rro
239 701 411 806 innuo
427 701 806 780 nrrorrorrnolc
821 648 1000 782 lucrosa

152 995 158 1062 ζ
204 1006 255 1056 Ex
272 981 548 1057 CCMMllblTARllS
565 1006 596 1068 Q„
608 1005 752 1057 ASCONII
769 1005 931 1057 PEDIANL

180 1105 255 1154 Hanc
279 1104 345 1153 dixit
370 1103 417 1154 Cn.
436 1103 558 1166 Pompeio
583 1103 635 1152 Ili.
653 1104 763 1152 consule·
778 1119 801 1154 a
823 1105 847 1154 d.
863 1104 910 1154 VI.
932 1103 994 1154 Idus

147 1169 228 1234 'April
247 1169 282 1233 [a.
294 1186 318 1218 u.
331 1185 353 1220 c.
365 1167 434 1232 702}
468 1169 541 1230 Quod
555 1168 675 1216 iudicium
692 1185 749 1217 curn
763 1179 886 1230 ageretur,
898 1172 993 1218 exerci-

147 1245 201 1285 tum
214 1236 239 1284 in
254 1235 308 1284 foro
320 1246 346 1284 et
357 1235 472 1284 omnibus
481 1233 513 1282 'in
525 1233 631 1297 templis,
642 1249 708 1297 quae
721 1234 814 1282 circum
830 1235 910 1282 forum
924 1245 990 1296 sunt,

128 1313 132 1319 ⁴
147 1302 297 1350 collocatum
308 1317 323 1349 a
333 1301 379 1350 Cn.
389 1301 509 1363 Pompeio
522 1299 599 1348 luisse
610 1314 660 1348 non
670 1308 769 1347 tantum
780 1313 813 1348 ex
823 1298 869 1346 hec
880 1299 993 1348 cretione

147 1375 173 1416 et
189 1367 328 1426 annalibus,
339 1366 383 1414 sed
396 1367 474 1414 etiam
490 1380 524 1414 ex
540 1365 604 1413 libro
621 1373 731 1428 apparet,
743 1365 786 1426 qui
803 1363 931 1413 Ciceronis
947 1379 993 1415 no·

147 1433 215 1483 mine
226 1432 368 1482 inscribitur
380 1431 410 1480 de
422 1431 511 1494 optirao
521 1445 608 1494 genere
620 1439 742 1480 marnam
755 1429 788 1494 [c.
800 1430 824 1477 4.
835 1427 849 1489 ξ
862 1427 912 1492 10].

294 1574 613 1626 ARGUMENTUM
642 1573 728 1626 HOC
758 1574 845 1625 EST.

179 1676 210 1724 T.
222 1674 321 1724 Annius
338 1675 402 1723 Milo
418 1682 444 1724 et
460 1675 491 1724 P.
505 1674 618 1723 Plautius
636 1675 768 1738 Hypsaeus
785 1681 810 1723 et
827 1673 858 1734 Q„
872 1674 990 1724 Metellus

147 1741 230 1804 Scipio
241 1740 399 1789 consulatum
408 1740 531 1802 petierunt
542 1755 592 1788 nou
604 1740 685 1788 solum
696 1740 828 1802 largitione
839 1740 921 1802 palam
934 1755 991 1804 pro-

146 1806 211 1866 suae,
222 1806 266 1854 aed
277 1806 355 1854 etiem
366 1805 515 1854 factionibus
528 1816 683 1854 armatorum
696 1805 823 1855 succincti.
861 1806 951 1854 Miloni
964 1815 990 1856 et

147 1871 237 1920 Clodio
248 1885 360 1920 summae
371 1879 442 1920 erant
450 1870 603 1931 inimicitiae,
612 1871 679 1934 quod
688 1879 714 1919 et
723 1871 786 1920 Milo
796 1871 924 1921 Ciceronis
935 1883 990 1921 erat

147 1937 333 1985 amantissimus
344 1937 369 1984 in
384 1936 574 1998 reducendoque
587 1951 617 1984 eo
628 1936 703 1984 enixe
715 1951 816 1999 operam
829 1937 864 1985 rei
876 1936 990 2000 publicae

147 2001 250 2050 dederat
269 2007 295 2050 et
311 2002 341 2051 P.
355 2001 458 2050 Clodius
478 2001 594 2049 restituto
611 2001 725 2050 Ciceroni
743 2010 799 2050 erat
815 2002 898 2050 infesti
913 2003 989 2052 simus

145 2067 252 2130 ideoque
269 2081 366 2115 sumrne
382 2066 498 2116 studebat
517 2067 633 2129 Hypsaeo
649 2074 675 2114 et
690 2067 800 2130 Scipioni
813 2077 901 2115 contra
944 2067 989 2115 ilo-

146 2147 222 2182 nem.r
248 2133 288 2180 Ac
302 2146 375 2194 saepe
389 2133 455 2180 inter
469 2145 496 2179 re
509 2131 571 2180 Milo
584 2141 610 2180 et
622 2131 726 2181 Clodius
739 2147 798 2181 oum
811 2133 862 2180 suis
874 2133 989 2181 factioni-

146 2198 192 2246 bus
210 2198 304 2246 Romae
317 2197 527 2260 depugnaveraut‚
538 2206 564 2245 et
577 2206 650 2246 erant
666 2206 770 2260 uterque
787 2197 892 2246 audacia
906 2213 986 2260 peres,
1005 2225 1008 2232 ·

146 2262 191 2311 aed
201 2263 264 2311 Milo
276 2277 320 2325 pro
331 2261 474 2310 melioribus
485 2261 596 2324 pertibus
609 2262 699 2310 stabat.
735 2263 871 2311 Praeterea
882 2263 907 2311 in
919 2278 989 2312 enm.

147 2327 206 2376 dem
222 2342 316 2376 annum
333 2327 491 2376 consulatum
510 2327 581 2388 Milo,
596 2327 699 2376 Clodius
718 2336 861 2390 praeturam
877 2329 985 2391 petebat,

147 2408 224 2456 quem
235 2393 343 2442 debilem
354 2393 465 2441 futuram
477 2393 576 2442 consule
588 2392 683 2442 Milone
694 2392 856 2454 intelligebat.
888 2394 990 2444 Deinde

147 2473 205 2507 cum
222 2458 265 2506 diu
281 2467 361 2506 tracte
377 2466 460 2506 essent
476 2458 577 2506 comitis
593 2457 732 2506 consularia
749 2457 883 2522 perficique
896 2459 929 2507 ob
945 2475 989 2510 eas

147 2524 213 2586 ipsas
226 2523 336 2586 perditas
349 2523 539 2572 candidatorum
555 2523 726 2580 contentiones
737 2538 788 2572 non
800 2533 908 2586 possein,
917 2534 943 2574 et
956 2527 989 2575 ob

146 2589 172 2637 id
184 2603 268 2637 mense
279 2588 397 2637 Ianuario
409 2588 469 2636 nulli
481 2589 541 2636 dum
552 2602 632 2651 neque
645 2587 758 2638 consules
770 2603 852 2653 neque
862 2601 989 2653 praetores
1090 2609 1093 2614 ’

146 2653 430 2716 essenttralrereturque
442 2653 494 2704 dies
507 2653 594 2702 eodem
608 2669 658 2716 quo
671 2664 746 2703 antee
759 2655 842 2715 modo,
854 2671 912 2704 cum
924 2657 989 2705 Milo
1086 2659 1087 2664 ’

146 2735 221 2782 quam
233 2720 341 2782 primum
351 2719 452 2766 comitia
463 2719 552 2767 confici
562 2719 637 2768 vellet
648 2719 831 2783 conficeretque
843 2736 899 2769 cum
911 2721 989 2770 bono-

146 2800 202 2833 rum
215 2784 311 2843 studiis,
322 2783 390 2847 quod
401 2784 538 2832 obsistebat
551 2784 648 2845 Clodio,
660 2793 714 2833 turn
727 2785 804 2834 etiarn
818 2786 903 2848 populi
915 2801 989 2849 prop-

146 2858 185 2898 ter
197 2851 289 2899 effusas
303 2849 445 2910 largitiones
459 2849 631 2912 impensasque
644 2850 760 2898 ludorum
774 2852 945 2899 scaenicorum
959 2866 989 2899 ac

143 2915 286 2976 gladiatorii
303 2915 412 2963 muneris
429 2915 599 2975 mexima1‚in
616 2930 677 2977 quas
695 2916 743 2963 tria
759 2915 910 2978 patrimonia
926 2916 989 2964 effu-

146 2980 213 3030 disse
229 2996 288 3036 eum
305 2980 393 3029 Cicero
412 2979 544 3040 significat,
558 2982 734 3042 competitores
746 2981 805 3030 eius
823 2981 922 3030 trahere
938 2981 988 3030 rel·

146 3045 206 3106 lent,
219 3045 325 3108 ideoque
342 3045 475 3107 Pompeius
491 3059 569 3105 gener
583 3045 706 3108 Scipionis
722 3055 749 3095 et
759 3047 789 3095 T.
800 3046 930 3095 Munatius
944 3047 989 3094 tri-

82 3154 87 3168 ,
145 3111 225 3159 hunus
237 3110 314 3173 plebis
326 3110 412 3159 referri
423 3109 456 3158 ad
468 3117 582 3158 senatum
596 3111 628 3159 de
639 3111 750 3173 patriciis
761 3111 935 3169 convocandis,
945 3112 988 3174 qui

141 3175 296 3238 intenegem
306 3175 447 3240 proderent,
458 3190 509 3226 uou
522 3184 605 3226 essent
615 3176 690 3241 passi,
701 3191 759 3226 cum
769 3175 920 3238 interregem
931 3191 988 3240 pro-
