2240 3418
124 113 174 161 240
200 113 240 162 IN
257 112 294 162 M.
308 110 502 162 ANTONIUM
517 109 654 162 ORATIO
669 109 880 162 PHILIPPICA
895 112 932 162 II.

123 211 229 288 telligit
252 229 326 282 enm,
343 228 427 288 quem
452 216 552 268 contra
575 210 653 281 dicit,
668 209 777 268 laudari
798 230 815 268 a
835 229 879 269 se:
903 231 961 284 eos,

123 289 201 369 apud
215 309 287 367 quos
301 289 380 360 dicit,
391 290 551 366 vituperari
596 295 641 347 19.
654 289 716 348 Iam
730 290 802 348 illud
815 291 896 348 cuins
909 298 962 362 est,

123 389 181 428 non
204 369 270 426 dieo
291 369 547 446 audaciae-cupit
570 368 647 426 enim
672 388 702 426 se
723 369 962 440 audacem-sed,

115 447 203 526 quod
222 448 341 506 minime
358 447 427 519 vult,
440 447 585 520 stultitiae,
598 467 654 525 qua
663 449 759 506 vvincit
776 467 885 520 omnes,
896 449 964 507 clivi

123 527 280 606 Capitolini
290 527 466 586 mentionem
477 528 578 599 Iacere,
588 546 654 585 cum
668 527 744 586 inter
754 527 886 586 subsellia
898 548 965 586 nos·

122 614 168 666 tra
184 614 330 666 versentur
350 607 471 664 armatii
491 626 557 665 cnm
573 607 605 664 in
620 607 674 664 hac
688 606 759 664 cella
773 607 962 680 Concordiae,

122 688 153 746 di
170 687 362 753 imnmrtalesl
383 687 414 744 in
431 705 488 763 qua
503 706 549 744 me
566 686 682 745 consule
699 686 834 744 salutares
851 695 964 746 senten·

121 768 179 825 tiae
196 767 289 824 dictae
306 774 381 838 sunt,
393 766 498 844 quibus
512 767 550 824 ad
566 766 641 824 hanc
657 766 733 824 diem
751 766 883 837 viximus,
894 786 962 826 cum

121 846 224 924 gladiis
240 846 372 904 homines
392 845 523 904 collocati
544 847 639 904 stentl
679 846 793 904 Acensa
812 854 961 905 senatum:

121 945 222 983 accusa
238 934 398 1002 equestrem
419 926 557 998 ordinem,
570 926 620 1004 qui
635 932 698 984 tum
716 944 782 984 cnm
799 932 899 984 senatu
916 945 963 984 co-

120 1004 235 1083 pulatus
245 1005 317 1063 fuit:
335 1024 436 1064 accusa
445 1024 546 1063 omnes
556 1005 678 1076 ordines,
687 1025 787 1063 omnes
796 1005 880 1075 cives,
890 1005 962 1064 dnm

120 1083 272 1142 confiteare
280 1085 357 1142 hunc
367 1085 499 1142 ordinem
509 1079 565 1143 hoc
576 1085 639 1163 ipso
650 1092 779 1162 tempore
793 1084 829 1142 ab
841 1084 963 1144 Ituraeis

120 1164 328 1223 circumsederi.
371 1164 451 1223 Haec
467 1171 500 1222 tn
517 1183 576 1222 non
592 1171 711 1242 propter
726 1164 873 1222 audaciam
888 1165 962 1223 dicis

119 1251 181 1302 tam
195 1245 385 1322 impudenter,
398 1243 449 1302 sed
462 1244 538 1321 quia,
550 1263 616 1302 cnm
626 1251 737 1302 tantam
751 1262 845 1302 rerum
859 1263 963 1322 repug-

120 1325 248 1382 nantiam
266 1343 324 1382 non
342 1323 446 1394 videas,
458 1323 531 1381 nihil
547 1322 680 1401 profecto
697 1324 781 1400 sapis.
822 1323 901 1392 Quid
917 1332 962 1382 est

120 1405 196 1462 enirn
213 1403 380 1462 'dementius
401 1422 495 1480 quam,
507 1423 573 1460 cum
594 1403 634 1461 rei
653 1403 783 1480 publicae
801 1403 962 1480 perniciosa

120 1501 199 1540 arma
214 1483 276 1561 ipse
292 1483 410 1561 ceperis,
420 1482 544 1542 obiicere
564 1482 646 1541 alteri
663 1483 814 1543 salutaris?
855 1489 902 1541 20.
918 1483 962 1542 At

120 1563 206 1620 etiam
225 1563 351 1640 quodam
367 1562 432 1621 loco
448 1563 559 1621 facetus
575 1581 636 1620 esse
652 1561 776 1620 voluisti.
818 1561 911 1632 Quam
930 1563 961 1622 id

112 1642 362 1713 ι11,(11110111,11011
380 1641 515 1701 decebatl
557 1641 591 1699 In
606 1661 663 1719 quo
680 1649 724 1700 est
737 1649 788 1700 tna
803 1641 888 1719 culpa
900 1661 960 1701 non

114 1722 205 1780 nulla
246 1722 369 1799 Aliquid
393 1723 470 1780 enim
494 1721 561 1780 salis
583 1740 602 1778 a
623 1722 714 1779 mima
737 1741 826 1780 uxore
848 1721 960 1782 trahere

118 1800 248 1878 potuisti
284 1800 410 1858 (11111111
424 1820 510 1858 saus
524 1803 633 1860 rosas.
669 1800 765 1870 Quidl
785 1809 850 1859 tum
863 1820 960 1861 nonne

113 1881 281 1938 oessernntl
317 1880 360 1938 At
374 1888 475 1958 postea
487 1881 546 1939 tuis
559 1881 646 1940 armis
660 1881 744 1939 cessit
757 1889 834 1959 toga
869 1880 961 1951 Quae

118 1979 214 2018 ramus
237 1960 327 2038 igitur
350 1968 448 2019 utrum
472 1960 574 2019 melius
597 1960 686 2019 fuerit
709 1959 835 2020 libertati
849 1963 960 2040 populi

118 2040 243 2099 Romani
267 2040 467 2099 sceleratorum
489 2060 567 2099 arma
590 2059 627 2098 an
648 2040 809 2102 libertatem
832 2049 959 2100 nostram

112 2121 204 2178 armis
220 2121 278 2178 tuis
299 2121 406 2179 cedere.
448 2119 510 2179 Nee
525 2139 593 2180 vero
609 2120 664 2179 tibi
683 2121 719 2178 de
735 2121 862 2180 versibus
878 2121 961 2198 plura

117 2200 314 2278 respondebo:
336 2208 450 2260 tantum
471 2200 566 2258 dicam
585 2200 719 2272 breviter,
733 2207 763 2259 te
781 2220 874 2279 neque
895 2201 960 2260 illos

111 2300 210 2357 -ueque
226 2281 298 2338 ullas
314 2280 434 2338 omnino
450 2279 560 2339 litteras
578 2299 678 2339 nosse:
699 2300 747 2338 me
763 2300 815 2340 nec
831 2282 872 2340 rei
889 2282 961 2359 pub

118 2359 188 2418 lioae
209 2379 262 2418 nec
284 2361 383 2419 amicis
403 2379 542 2439 umquam
562 2360 696 2433 defuisse,
712 2368 741 2418 et
761 2368 858 2420 tamen
879 2362 960 2420 omni

117 2459 221 2517 genere
241 2447 495 2498 monumentorum
519 2459 649 2499 meorum
674 2441 827 2518 perfecisse
851 2435 961 2518 [operis

117 2517 294 2597 subsecivis],
306 2526 340 2577 ut
355 2539 436 2579 meae
452 2519 567 2598 rigidae
587 2539 725 2598 meaeque
741 2521 852 2580 litterae
872 2529 903 2579 et
918 2522 961 2579 iu·

117 2599 229 2657 ventuti
249 2599 382 2658 utilitatis
402 2607 432 2658 et
452 2600 565 2658 nomini
584 2599 717 2658 Romano
737 2600 830 2659 landis
850 2600 961 2679 aliquid
1009 2635 1016 2646 ·

110 2678 270 2737 adferrent
312 2678 371 2738 Sed
390 2678 461 2738 haec
484 2699 544 2738 non
564 2680 651 2738 huius
670 2682 826 2759 temporis:
850 2682 961 2740 maiora

116 2757 272 2815 videamus

157 2835 210 2892 IX.
240 2841 286 2893 al.
299 2835 332 2893 P.
342 2835 477 2894 Clodium
491 2857 558 2896 meo
568 2829 688 2896 consilio
699 2839 883 2899 interfectum
898 2859 960 2899 esse

117 2912 224 2969 dixisti.
260 2913 404 2982 Quidnam
421 2916 554 2973 homines
570 2924 715 2992 putarent,
727 2920 750 2976 si
767 2926 831 2978 tum
847 2921 960 2978 occisus

112 2997 198 3060 esset,
210 3009 275 3046 cum
293 3000 325 3048 tu
346 2992 426 3048 illum
447 2993 478 3048 in
499 2995 564 3051 foro
581 2996 760 3071 inspectante
776 2998 885 3074 populo
902 2999 960 3056 Ro-

111 3083 201 3123 ¹mano
212 3068 308 3142 gladio
318 3063 444 3146 [stricto]
454 3070 599 3129 insecutus
611 3091 640 3130 11
650 3075 858 3153 negotiumque
868 3085 960 3135 trans·

117 3143 230 3217 egisses,
242 3145 298 3202 nisi
314 3165 344 3202 se
360 3146 407 3204 ille
423 3147 454 3204 in
468 3148 557 3206 scalas
570 3149 704 3208 tabernae
720 3151 851 3212 librariae
864 3157 959 3214 conie-

1110 2775 1112 2832 l

1109 2849 1112 2926 l
