2262 3412
118 153 153 200 aa
230 147 281 200 nn
297 135 450 200 rnrnaro
467 147 523 200 cu.
537 135 690 200 ronrsrr
706 147 849 208 enarro.

121 252 269 323 dissentia
282 251 360 329 quod
375 269 432 329 quo
445 250 541 309 minus
555 257 631 309 certa
644 257 688 309 est
697 249 849 309 hominum
863 270 895 309 ac
909 249 961 309 mi·

121 352 175 390 nus
196 331 333 389 diuturna
352 331 419 401 vita,
433 330 489 388 hoe
504 331 597 408 magis
617 349 662 389 res
681 330 803 407 publica,
819 331 889 388 dnm
909 349 961 408 per

122 412 191 469 deos
204 411 380 468 immortales
396 409 471 481 lieet,
482 410 542 468 frui
559 410 645 468 debet
661 411 766 468 summi
780 411 833 468 viri
847 411 907 468 vita
920 418 961 468 at

122 510 177 567 que
196 491 308 548 virtute.
321 523 361 533 -
372 495 418 548 60.
437 489 480 547 At
500 490 576 547 enirn
596 509 633 548 ne
654 490 724 567 qnid
745 491 813 548 novi
829 489 879 547 fiat
895 509 961 548 con-

98 577 166 628 ¹tra
189 568 320 647 exempla
343 576 429 646 atque
452 570 586 627 instituta
609 569 758 627 maiorum.
773 603 814 613 —
828 569 895 626 Non
920 569 961 627 di-

121 669 185 706 cam
198 649 329 707 hocloco
339 649 461 706 maiores
471 656 585 707 nostros
598 668 711 726 semper
720 649 751 706 in
761 667 831 726 pace
845 668 961 706 consue

120 729 225 799 tudini,
240 729 270 786 in
292 728 367 787 bello
390 728 508 786 utilitati
529 728 663 805 paruisse,
680 747 791 806 semper
812 728 849 785 ad
871 747 962 786 novos

121 828 202 866 casus
222 815 385 886 temporum
407 826 547 865 novomm
568 807 751 865 consiliorum
773 808 898 866 rationes
918 827 961 866 ac·

121 888 326 960 commodasse,
338 906 397 945 non
411 887 506 944 dicam
516 887 575 944 duo
585 886 660 945 bella
672 888 805 958 maxima,
816 886 961 945 Punicum

120 975 207 1044 atque
221 967 421 1044 Hispaniense,
433 966 469 1024 ab
487 986 544 1024 uno
561 967 733 1044 imperatore
750 986 810 1025 esse
829 967 962 1025 confecta

120 1047 249 1124 duasque
258 1045 343 1104 urbes
352 1046 575 1123 potentissimas,
588 1065 660 1125 quae
670 1046 737 1104 huic
753 1047 874 1124 imperio
884 1066 961 1104 max·

121 1127 178 1184 ime
198 1125 413 1198 minitabantur,
428 1125 636 1203 Karthaginem
657 1133 743 1204 atque
763 1125 959 1198 Numantiam,

121 1206 157 1264 ab
174 1205 276 1264 eodem
293 1205 427 1283 Scipione
444 1225 504 1263 csse
520 1205 635 1278 deletas,
650 1225 709 1263 non
730 1205 960 1264 commemorabo

121 1305 213 1363 nuper
228 1285 270 1342 ita
285 1285 366 1343 vobis
383 1284 568 1363 patribusque
581 1285 682 1344 vestris
696 1305 757 1343 esse
770 1286 872 1357 visum,
883 1292 917 1343 ut
930 1285 960 1342 in
1015 1302 1018 1306 ·

121 1384 179 1422 uno
196 1364 229 1424 O.
242 1364 333 1423 Mario
355 1384 420 1443 spes
439 1365 552 1443 imperii
563 1371 732 1442 poneretur,
748 1372 780 1423 nt
796 1365 874 1422 idem
895 1384 961 1423 cum

121 1444 270 1522 Iugurtha,
288 1445 366 1502 idem
390 1464 456 1503 cum
480 1445 613 1517 Cimbris,
633 1445 710 1504 idem
733 1464 797 1503 cum
821 1445 961 1503 Teutonis

120 1525 228 1584 bellum
249 1523 476 1583 administraret:
499 1530 545 1582 61.
561 1525 591 1582 in
611 1525 686 1602 ipso*
696 1524 748 1582 Cn.
764 1524 914 1602 Pompeio,
929 1525 961 1582 in

122 1623 179 1681 quo
193 1605 262 1661 novi
275 1604 412 1662 constitui
425 1603 498 1661 nihil
512 1604 574 1662 vult
587 1603 620 1673 Q
631 1603 757 1675 Catulus,
770 1623 856 1681 quam
870 1604 961 1672 multa

121 1684 180 1741 sint
196 1703 271 1741 nova
291 1703 404 1741 summa
417 1682 451 1752 Q.
463 1683 560 1742 Catuli
576 1684 723 1743 voluntate
744 1685 901 1750 constituta
920 1703 961 1743 re-
1007 1717 1010 1722 ·

121 1763 288 1821 cordamini.

161 1842 245 1901 XXL
264 1842 342 1912 Quid
352 1849 412 1901 tam
426 1862 533 1900 novum
548 1862 635 1921 quam
648 1843 890 1902 adolescentulum
904 1843 961 1922 pri·

121 1929 220 1980 vatum
237 1923 392 1980 exereitum
409 1921 518 1980 difficili
537 1924 577 1981 rei
598 1923 729 2001 publicae
745 1931 874 2001 tempore
895 1943 961 1985 con-

121 2001 223 2060 ficeret
256 2001 398 2061 Confecit.
434 2003 512 2061 Huic
532 2005 679 2081 praeesset
712 2004 850 2062 Praefuit.
886 2004 960 2062 Rem

121 2082 232 2159 optime
245 2082 334 2139 ductu
348 2102 400 2140 suo
413 2084 529 2160 gereret
569 2082 672 2141 Gessit.
715 2083 793 2153 Quid
806 2091 866 2142 tam
883 2102 961 2161 prae·

120 2168 166 2220 ter
175 2161 411 2219 consuetudinem
422 2181 507 2239 quam
516 2162 627 2219 homini
638 2162 870 2240 peradolescenti,
880 2164 961 2221 cuius
997 2203 998 2206 η

121 2248 198 2300 aetas
214 2260 232 2298 a
248 2241 390 2298 senatorio
407 2241 498 2318 gradu
516 2242 602 2320 longe
619 2241 737 2314 abesset,
750 2243 903 2320 imperinm
920 2250 961 2300 at

122 2340 176 2398 que
191 2320 347 2379 exercitum
361 2320 430 2392 dari,
443 2320 569 2379 Siciliam
583 2323 713 2400 permitti
730 2329 815 2400 atque
829 2322 960 2380 Africam

120 2401 285 2478 bellumque
305 2400 335 2457 in
356 2420 390 2458 ea
409 2401 556 2478 provincia
576 2401 853 2460 administrandumt
894 2401 961 2459 Fuit

120 2481 151 2538 in
166 2478 213 2537 his
232 2480 387 2558 provinciis
408 2481 544 2558 singulari
559 2481 735 2551 innocentia,
747 2479 895 2558 gravitate,
907 2482 961 2539 vir·

120 2567 199 2618 tute:
220 2559 327 2617 bellum
341 2560 371 2616 in
386 2559 487 2620 Africa
499 2561 656 2619 maximum
674 2561 807 2631 confecit,
822 2561 960 2618 victorem

121 2639 277 2697 exercitum
304 2639 474 2716 deportavit
516 2639 594 2709 Quid
618 2660 685 2698 vero
712 2646 773 2698 tam
798 2637 960 2698 inauditum

121 2737 207 2794 quam
221 2718 522 2795 equitemltomannm
533 2719 728 2797 triumpharet
761 2719 803 2777 At
814 2740 877 2778 eam
892 2739 961 2798 quo·

122 2814 176 2872 que
190 2816 249 2854 rem
263 2797 388 2875 populus
401 2797 548 2856 Romanus
564 2819 624 2857 non
640 2799 729 2857 modo
743 2800 824 2872 vidit,
837 2800 887 2858 sed
901 2819 960 2857 om-

121 2876 202 2933 nium
219 2877 306 2934 etiam
323 2877 419 2936 studio
433 2879 580 2936 visendam
597 2885 626 2937 et
642 2878 894 2937 concelebrandam
909 2898 960 2956 pn·

8 3019 9 3026 χ
120 2957 200 3015 tavit
244 2962 290 3014 62.
306 2955 384 3024 Quid
400 2965 459 3014 tam
478 2958 646 3017 inusitatum
664 2978 750 3036 quam
769 2965 802 3017 ut
818 2978 884 3016 cum
901 2959 959 3016 duo

8 3047 9 3098 l
121 3036 251 3094 consules
275 3036 422 3094 clarissimi
443 3037 650 3116 fortissimique
674 3045 776 3109 essent,
794 3057 881 3115 eques
904 3037 960 3095 Ro
1047 3085 1049 3088 .

120 3135 222 3174 manus
243 3115 279 3174 ad
299 3115 406 3174 bellum
424 3117 581 3175 maximnm
602 3117 959 3195 formidolosissimumque

121 3213 174 3270 pro
194 3196 310 3256 consule
329 3196 509 3254 mittereturt
549 3197 653 3255 Missus
669 3205 719 3256 est
762 3195 827 3266 Quo
842 3197 958 3275 quidem
