2240 3418
292 81 295 90 ’
385 121 464 174 cnr.
480 121 651 186 nnn-xv„
667 120 785 184 seem.
859 115 861 121 ‘
957 125 1005 175 231

131 192 140 198 ι
163 222 347 283 motabilium
361 221 486 282 civiuml
506 223 577 302 quid
589 223 690 302 populi
703 223 818 283 versusl
838 222 908 302 quid
922 223 1008 283 Pom·

165 305 226 381 peii
246 311 357 362 statuae
377 303 492 381 plausus
512 302 637 362 infinitil
660 303 731 382 quid
751 302 864 362 duobus
884 303 1008 362 tribunis

166 383 268 461 plebis,
280 383 331 461 qui
349 383 431 442 vobis
451 383 653 441 adversanturl
672 402 811 460 parumne
831 382 900 441 haec
921 383 1008 460 signi·
1093 383 1098 394 “

166 463 254 522 ficant
278 462 484 522 incredibiliter
507 462 733 520 consentientem
758 462 859 540 populi
883 462 1008 521 Romani

167 541 292 601 universi
320 542 516 601 voluntateml
539 541 654 611 ‚Quidl
695 541 905 620 Apollinarium
928 543 1008 602 ludo-
1075 607 1080 618 ,

166 641 232 680 rum
248 622 365 701 plausus
381 622 608 681 vel‘testimonia
623 621 720 698 potius
740 628 770 688 et
785 622 891 680 indicia
907 621 1008 700 populi

167 701 293 760 Romani
309 721 411 781 parum
427 721 533 780 magna
546 700 628 760 vobis
642 701 829 760 videbanturl
868 700 895 761 Ο
908 701 1008 760 beatos

167 781 240 854 illos,
259 781 402 860 quicum
426 781 524 840 adesse
548 781 619 859 ipsis
642 788 760 859 propter
782 781 842 840 vim
864 800 1008 839 armorum

167 879 227 918 non
251 860 364 934 licebat,
384 861 502 920 aderant
526 867 623 918 tamen
646 868 676 919 et
699 862 730 918 in
752 859 885 918 medullis
907 860 1009 939 populi

168 939 294 998 Romani
312 959 344 999 ac
361 940 516 999 visceribus
533 940 704 999 haerebantl
745 939 809 998 Nisi
825 941 901 998 forte
918 940 1009 998 Accio

168 1026 233 1078 tum
244 1019 348 1157 {laudi
368 1027 398 1079 et
418 1021 595 1098 sexagesimo
612 1028 680 1098 post
700 1038 775 1077 anno
794 1019 919 1098 palmam
938 1020 1008 1092 dari,

168 1118 228 1156 non
272 1107 337 1158 ruto
354 1099 507 1178 putabatis,
519 1100 569 1178 qui
585 1100 660 1158 ludis
679 1100 738 1157 suis
756 1099 797 1156 ita
815 1100 914 1171 caruit,
926 1106 960 1158 ut
977 1100 1009 1156 in

166 1179 219 1237 illo
240 1179 457 1258 apparatissimo
478 1179 639 1258 spectaculo
660 1179 787 1238 studium
808 1178 933 1257 populus
953 1179 1010 1236 Ro

168 1278 272 1318 manus
291 1259 430 1318 tribueret
449 1258 570 1331 absenti,
588 1258 761 1316 desiderium
781 1257 941 1317 liberatoris
964 1258 1010 1316 sui

167 1346 311 1418 perpetuo
324 1339 427 1418 plausu
440 1345 470 1398 et
483 1339 607 1397 clamore
620 1338 729 1396 leniret.

210 1419 256 1477 37.
269 1419 413 1497 Equidem
428 1417 454 1476 is
470 1437 543 1490 sum,
555 1418 605 1497 qni
615 1418 686 1476 istos
702 1417 825 1496 plausus,
837 1437 903 1476 curn
920 1437 1011 1496 popu·

154 1498 275 1558 laribus
295 1497 405 1557 civibus
425 1497 625 1570 tribuerentur,
640 1516 752 1575 semper
771 1498 1009 1575 contempserim:

55 1596 57 1600 ⁴
168 1580 303 1658 idemque
317 1597 412 1637 cuma
425 1577 553 1650 summis,
562 1577 673 1648 mediis,
683 1576 797 1648 infimis,
807 1596 874 1634 cnm
888 1578 1010 1654 denique

170 1660 206 1718 ab
222 1659 362 1718 universis
380 1657 436 1716 hoc
452 1656 530 1716 idem
548 1656 582 1714 fit
598 1662 720 1735 cumque
736 1657 767 1729 ii,
779 1656 829 1735 qui
845 1664 911 1715 ante
931 1656 1011 1734 sequi

170 1739 271 1818 populi
293 1756 463 1797 consensum
489 1736 627 1810 solebant,
647 1737 773 1814 fugiunt,
792 1755 852 1794 non
879 1735 1010 1814 plausum

104 1847 107 1853 Δ
137 1831 139 1834 ’
170 1819 260 1892 illum,
276 1818 326 1878 sed
350 1818 490 1877 iudicium
513 1823 594 1895 pute.
636 1815 688 1874 Sin
709 1815 779 1874 haec
801 1815 907 1874 leviora
929 1815 1011 1874 vobis

170 1899 312 1971 videntur,
324 1917 397 1976 quae
411 1903 479 1955 sunt
494 1896 670 1974 gravissima,
682 1915 752 1954 num
769 1895 857 1954 etiam
873 1896 929 1954 hoc
946 1914 1012 1953 con·
1074 1953 1079 1958 ,

170 1977 308 2052 temnitis,
327 1977 406 2056 quod
428 1975 556 2035 sensistis
579 1983 640 2033 tam
661 1994 755 2032 caram
779 1974 887 2052 populo
908 1975 1012 2033 Roma·

171 2079 210 2118 no
229 2060 319 2118 vitam
336 2057 373 2116 A
384 2056 475 2116 Hirtii
491 2055 599 2114 fuisset
639 2053 716 2112 Satis
736 2061 795 2112 erat
816 2054 894 2112 enim
911 2053 1012 2132 proba·

170 2146 234 2199 tum
258 2139 340 2198 illum
360 2156 421 2196 esse
439 2135 549 2215 populo
567 2134 709 2205 Romano,
720 2140 754 2192 ut
773 2140 833 2191 est:
854 2133 1011 2191 iucundum

171 2220 279 2292 amieis,
296 2219 328 2277 in
355 2237 414 2297 quo
440 2215 531 2274 vincit
558 2231 677 2288 omnes:
698 2231 795 2271 carum
823 2211 890 2284 suis,
909 2212 1012 2291 quibus

171 2307 216 2358 est
239 2300 300 2378 ipse
324 2296 504 2357 carissimus:
532 2301 643 2354 tantem
667 2299 764 2351 temen
788 2291 1011 2351 sollicitudinem

172 2378 322 2450 bonorum,
339 2385 453 2436 tantum
477 2376 611 2434 timorem
633 2372 763 2432 omnium
783 2372 814 2429 in
836 2391 894 2449 quo
913 2371 1013 2429 memi-

172 2459 284 2517 nimusl
320 2456 405 2516 Certe
421 2457 452 2514 in
469 2455 556 2515 nullo.
596 2459 642 2512 38.
658 2451 736 2523 Quid
752 2452 859 2530 igiturl
879 2451 935 2509 hoc
951 2470 1010 2523 vos,

171 2557 224 2616 per
239 2537 309 2596 deos
324 2535 517 2596 immortales!
539 2534 622 2612 quale
639 2534 749 2592 sitnon
765 2530 1012 2610 interpretaminil

173 2616 268 2686 Quidl
289 2633 338 2676 eos
355 2617 391 2675 de
407 2624 501 2674 vestra
517 2616 580 2673 vita'
592 2614 718 2692 cogitare
734 2632 794 2671 non
811 2611 940 2682 censetis,
954 2610 1014 2688 qui·
1101 2687 1103 2690 .

172 2696 227 2754 bns
249 2716 356 2769 eorum,
375 2715 447 2774 quos
469 2702 585 2774 sperant
606 2695 648 2753 rei
670 2692 801 2773 publicae
823 2691 1011 2762 consulturos,

173 2776 308 2834 vitatam
325 2796 390 2834 cara
406 2776 464 2834 sitl

95 2897 99 2906 -
195 2899 198 2907 .
213 2854 287 2934 Cepi
303 2856 438 2927 fructum,
449 2862 544 2932 patres
564 2852 727 2932 conscripti,
739 2851 907 2912 reversionis
922 2868 1012 2922 meae,

63 2965 74 2984 ·
174 2937 311 3012 quopiam
335 2942 365 2993 et
386 2954 420 2992 ea
443 2934 512 3006 dixi,
528 2941 561 2992 ut
584 2934 756 3012 quicumque
779 2952 859 2990 casus
882 2950 1014 2990 consecu-

173 3020 221 3072 tus
248 3021 330 3086 esset,
350 3021 473 3072 exstaret
500 3013 677 3071 constantiae
701 3030 781 3071 meae
804 3011 1012 3083 testimonium,

174 3100 205 3151 et
220 3113 284 3152 sum
301 3113 318 3151 a
331 3094 413 3152 vobis
425 3093 549 3170 benigne
565 3113 598 3150 ac
614 3092 767 3170 diligenter
779 3091 902 3150 auditus.
934 3090 1014 3160 Quae

174 3180 303 3251 potestas
316 3173 341 3232 si
354 3173 427 3231 mihi
441 3173 553 3251 saepius
567 3173 628 3231 sine
644 3191 708 3232 meo
723 3179 874 3250 vestroque
887 3170 1014 3250 periculo
