2262 3412
359 185 363 190 ,
443 143 670 207 caP.L-1n.,§
689 147 745 197 1-6.
990 149 1023 198 29

173 245 313 306 terfectns
327 250 371 304 est
380 252 501 324 propter
510 246 647 324 quasdam
662 247 837 306 seditionum
849 248 1023 326 suspitiones

174 326 206 384 Ο.
216 325 370 396 Gracchus,
383 324 539 382 clarissimo
556 332 646 402 patre,
658 345 720 397 avo,
732 327 898 400 maioribus,
911 329 1023 387 occisus

96 412 101 424 ¹
173 413 218 464 est
235 424 302 463 cum
321 403 418 462 liberis
438 403 476 462 M.
489 404 606 462 Fulvius
624 405 787 463 consularis.
832 405 926 464 Simili
946 427 1023 466 sena-

173 491 220 542 tus
244 483 376 542 consulto
398 481 430 540 Ο.
443 482 535 548 Mario
560 490 590 542 et
610 484 641 542 L.
654 483 770 543 Valerio
793 486 958 544 consulibus
979 495 1023 544 est
1115 526 1118 532 .

172 564 310 641 permissa
334 561 533 638 respublica:
558 581 629 620 num
652 582 743 621 unum
767 563 842 620 diem
868 571 969 642 postea
989 565 1020 622 1.

177 647 364 704 Saturninum
376 643 525 702 tribunum
538 641 630 719 plebis
647 647 676 698 et
693 639 724 698 0.
738 640 890 699 Servilium
908 650 1019 719 praeto-

177 743 237 784 rem
253 742 332 782 mors
351 742 384 780 ac
400 723 441 780 rei
456 721 587 799 publicae
603 739 697 798 poena
713 728 854 778 remorata
874 722 936 779 esti
975 720 1020 780 At

176 821 244 862 vero
267 823 321 862 nos
344 801 511 861 vicesimum
534 801 591 858 iam
616 799 693 858 diem
717 801 844 877 patimur
867 800 1018 859 hebescere

177 884 267 942 aciem
291 883 395 940 horum
422 880 608 939 auctoritatis.
654 879 803 940 Habemus
830 880 908 938 enim
933 875 1018 937 hriius

176 964 257 1021 modi
274 969 388 1020 senatus
405 959 575 1031 consultum,
586 978 685 1017 verum
699 959 841 1017 inclusum
858 959 889 1016 in
902 958 1016 1030 tabulis,

176 1049 324 1120 tamquam
337 1042 368 1098 in
383 1040 486 1117 vagina
501 1039 759 1117 reconditamque
774 1059 809 1096 ex
824 1046 938 1097 senatus
952 1058 1018 1096 oon-

155 1169 159 1176 .
177 1122 252 1180 sulto
269 1119 422 1179 confestim
443 1118 627 1175 interfectum
642 1125 672 1174 te
689 1137 758 1189 esse,
769 1117 902 1189 Catilina,
917 1137 1019 1176 conve·

177 1202 229 1259 nit
265 1199 357 1269 Vivis,
369 1204 398 1254 et
414 1196 486 1254 vivis
499 1215 558 1254 non
572 1195 610 1253 ad
620 1197 828 1272 deponendam,
841 1197 891 1255 sed
901 1197 938 1255 ad
952 1217 1018 1255 con-

176 1278 346 1336 firmandam
366 1276 523 1352 audaciam.
558 1274 662 1353 Cupio,
677 1282 772 1353 patres
793 1277 955 1353 conscripti,
970 1297 1017 1335 me

177 1377 237 1417 esse
252 1358 429 1428 clementem,¹
442 1356 527 1433 cupio
541 1355 572 1413 in
585 1355 673 1414 tantis
686 1354 868 1433 reipublicae
882 1356 1016 1434 periculis

176 1457 223 1497 me
241 1457 301 1495 non
318 1437 489 1495 dissolutum
506 1435 604 1508 videri,
617 1435 667 1493 sed
683 1435 741 1492 iam
757 1455 805 1493 me
821 1435 882 1513 ipse
898 1435 1018 1494 inertiae

177 1518 376 1596 nequitiaeque
387 1516 556 1574 condemno.
593 1521 619 1573 5.
631 1514 732 1573 Castra
742 1522 809 1573 sunt
819 1515 849 1572 in
858 1514 942 1573 ltalia
952 1535 1019 1573 cona

176 1603 221 1655 tra
230 1596 370 1675 populum
379 1595 543 1652 Romanum
551 1595 582 1652 in
593 1594 722 1652 Etruriae
730 1593 861 1652 faucibus
870 1594 1015 1666 collocata,

177 1678 277 1734 crescit
290 1676 321 1733 in
335 1676 396 1733 dies
411 1674 538 1752 singulos
548 1674 676 1732 hostium
690 1692 842 1737 numerus:
860 1693 959 1732 eorum
969 1693 1018 1731 au-

176 1761 236 1812 tem
250 1762 406 1814 castrorum
417 1754 619 1831 imperatorem
630 1753 788 1830 ducemque
802 1753 930 1811 hostium
941 1753 1018 1809 intra

176 1835 292 1893 moenia
304 1842 390 1912 atque
404 1833 476 1890 adeo
490 1833 520 1889 in
534 1839 634 1890 senatu
648 1832 778 1890 videmus
787 1833 954 1890 intestinam
968 1831 1017 1889 alt

178 1933 263 1990 quam
277 1914 383 1972 cotidie
396 1912 552 1989 perniciem
568 1911 609 1968 rei
623 1910 753 1988 publicae
767 1911 942 1969 molientem.
984 1910 1016 1967 si

176 1999 206 2050 te
233 1994 299 2064 iam,
319 1991 450 2062 Catilina,
471 1988 682 2066 comprehendi,
703 1990 727 2046 si
750 1989 871 2048 interfici
898 1990 1017 2060 iussero,

177 2073 270 2144 credo,
285 2071 340 2130 erit
353 2070 508 2128 verendum
525 2069 647 2126 milri‘ne
660 2087 719 2125 non
736 2070 833 2146 potius
846 2068 902 2127 hoc
915 2088 1016 2127 omnes

121 2199 123 2204 .
176 2151 246 2209 boni
263 2152 351 2209 serius
369 2168 388 2206 a
404 2169 452 2207 me
469 2167 554 2226 quam
572 2149 723 2225 qnisquam
744 2148 885 2206 crudelius
905 2148 1017 2206 faetum-

177 2249 237 2288 esse
258 2231 342 2288 dicat.
378 2229 488 2287 Verum
507 2247 561 2304 ego
577 2227 641 2298 hoc,
657 2226 808 2303 quodiam
827 2227 940 2304 pridem
958 2227 1017 2284 fac·
1120 2248 1127 2261 ·

176 2316 240 2367 tnm
257 2329 317 2368 esse
334 2308 470 2387 oportuit,
482 2315 559 2364 certa
578 2307 615 2364 de
635 2325 719 2364 causa
739 2307 869 2363 nondum
889 2306 1017 2364 adducor

177 2395 211 2446 ut
239 2389 352 2446 faciam.
402 2386 478 2444 Turn
507 2385 630 2462 denique
660 2383 836 2456 interficiere,
862 2404 928 2442 cum
956 2386 1016 2443 iam

177 2487 263 2526 nemo
281 2475 341 2526 tam
362 2465 518 2544 improbus,
536 2471 596 2522 tam
617 2464 754 2541 perditus,
769 2470 830 2522 tam
850 2465 894 2522 tui
915 2465 1017 2522 similis

177 2547 297 2604 inveniri
311 2546 418 2624 poterit
432 2545 481 2622 qni
496 2544 526 2602 id
540 2562 599 2600 non
612 2544 673 2601 iure
687 2543 797 2600 factum
812 2563 872 2601 esse
882 2545 1014 2602 fateatur.
1049 2541 1053 2544 ’

178 2631 205 2683 6.
221 2625 314 2694 Quam
330 2625 381 2682 diu
395 2625 546 2701 quisquam
560 2623 614 2680 erit
627 2623 677 2699 qui
690 2628 720 2679 te
733 2622 888 2681 defendere
903 2623 1016 2692 audeat,

177 2705 262 2775 vives,
274 2710 304 2762 et
313 2703 391 2761 vives
403 2704 453 2773 ita,
464 2709 498 2759 ut
511 2701 590 2776 vivis,
602 2701 701 2759 multis
714 2702 786 2759 meis
800 2708 829 2759 et
839 2701 928 2759 firmis
938 2720 1017 2779 prae-

177 2783 257 2841 sidiis
273 2799 433 2860 oppressus,
445 2800 481 2838 ne
498 2799 678 2838 commovere
694 2786 723 2837 te
737 2787 837 2838 contra
850 2799 911 2838 rem
924 2779 1017 2857 publi·

177 2881 240 2920 cam
256 2862 356 2940 possis.
398 2859 556 2917 Multorum
572 2865 602 2916 te
618 2859 705 2916 etiam
722 2858 798 2916 oculi
814 2865 844 2916 et
859 2878 940 2916 aures
956 2876 1016 2914 non

178 2943 357 3010 sentientem,
373 2939 447 2997 sicut
467 2937 561 2995 adhuc
580 2937 719 3009 fecerunt,
735 2937 956 3014 speculabuntur
976 2943 1016 2994 aa

84 3069 88 3074 .
178 3038 233 3098 que
247 3019 419 3078 custodient.¹

218 3099 271 3156 III.
290 3098 407 3156 Etenim
424 3096 494 3174 qnid
510 3102 561 3168 est,
576 3094 708 3165 Catilina,
721 3094 799 3171 quod
815 3094 873 3152 iam
893 3093 1016 3170 amplius

178 3183 332 3255 exspectes,
344 3177 367 3233 si
382 3195 474 3252 neque
488 3194 545 3232 nox
555 3173 680 3232 tenebris
694 3173 843 3230 obscurare
857 3177 955 3229 coetus
969 3177 1016 3229 n'e'
1102 3223 1108 3236 ,
