2240 3418
136 103 186 152 268
215 102 255 153 IN
271 102 309 154 M.
323 101 515 155 ANTONIUM
532 102 667 156 ORATIO
682 101 893 156 PHILIPPICA
908 104 946 159 II.

136 203 215 263 niam
232 203 370 265 deducere
387 211 506 264 conatus
519 206 566 264 esi
600 205 694 276 Quem
710 205 748 264 ad
762 206 881 265 modum
899 208 978 267 illinc¹

135 283 240 344 abieris
257 283 300 342 vel
322 285 420 362 potins
441 303 531 362 paene
551 304 611 344 non
633 285 735 344 abieris
757 286 869 345 scimus
909 293 976 347 101.

137 361 194 422 Cui
206 370 240 421 ιιι
253 362 318 422 urbi
334 364 483 424 minitaris.
519 365 640 426 Utinam
655 384 765 437 conere,
777 373 810 424 ut
824 365 978 444 aliquando

136 442 209 500 illud
224 462 314 516 pocae
334 443 466 502 tollaturl
503 444 546 502 At
566 464 652 523 quam
673 445 779 503 nobilis
800 451 843 504 est
863 453 914 503 tua
929 446 980 504 illa

137 523 347 600 peregrinatiol
388 522 466 592 Quid
479 524 665 603 prandiorum
679 531 840 602 apparatus,
851 525 921 602 quid
934 527 980 584 fn·

137 603 242 660 riosam
263 603 449 662 vinolentiam
473 612 553 662 tuam
574 604 738 681 proferaml
774 604 837 662 Tua
856 605 912 663 ista
932 606 980 664 de-

138 682 275 740 trimenta
290 689 373 741 sunt:
395 683 443 741 illa
459 690 562 742 nostra
598 682 711 761 Agrum
728 683 917 761 Campanum,
929 685 979 768 qui

135 780 205 819 cum
225 763 262 819 de
282 763 469 840 vectigalibus
489 762 675 835 eximebatur,
686 770 720 821 ιιι
740 763 881 822 militibus
901 764 980 822 dare-

136 848 193 913 tur,
208 848 306 900 tamen
328 842 421 920 infligi
442 862 580 920 magnum
600 843 791 920 reipublicae
809 843 913 901 vulnus
928 863 980 921 pu-

138 921 279 994 tabamus,
290 922 367 980 hunc
377 929 411 980 ιιι
422 922 672 1000 compransoribus
682 923 741 980 tuis
751 929 781 984 et
791 922 980 981 collusoribus

135 999 294 1062 dividebas.
336 1001 442 1060 Mimos
462 1003 528 1060 dico
549 1009 579 1060 et
599 1003 710 1074 mimas,
722 1009 818 1079 patres
838 1003 980 1080 conscrip

138 1081 173 1152 ti,
187 1080 218 1138 in
240 1099 309 1158 agro
325 1081 474 1160 Campano
498 1081 677 1141 collocatos..
700 1081 777 1151 Quid
799 1082 857 1139 iam
880 1101 980 1160 querar

138 1160 176 1218 dc
196 1180 265 1238 agro
283 1160 443 1220 Leontinol
464 1161 601 1239 quoniam
623 1162 739 1239 quidem
759 1161 814 1220 hac
833 1161 980 1238 quondam

138 1241 280 1299 arationes
291 1240 438 1318 Campana
451 1249 481 1299 et
492 1241 633 1299 Leontina
641 1241 672 1299 in
686 1240 788 1320 populi
798 1241 922 1299 Romani
932 1261 981 1319 pa·

138 1321 277 1379 trimonio
293 1321 472 1398 grandiferae
488 1328 518 1379 et
534 1321 697 1380 fructuosae
713 1319 885 1379 ferebantur.
921 1320 980 1380 Me

139 1400 205 1458 dieo
216 1401 271 1458 tria
279 1400 360 1459 milia
369 1401 519 1478 iugemm:
541 1401 619 1478 quid,
631 1401 656 1458 si
666 1407 695 1458 te
710 1401 853 1458 sauasseti
874 1399 980 1468 rhetori

139 1479 207 1552 duo,
220 1479 297 1556 quid,
310 1480 334 1537 si
350 1487 380 1538 te
397 1481 535 1541 disertum
556 1481 649 1538 facere
665 1480 828 1557 potuissetl
868 1479 926 1538 Sed
942 1479 980 1538 ad

139 1559 195 1618 iter
208 1559 378 1637 Italiamque
394 1559 551 1618 redeamus.
593 1559 655 1617 XL
686 1565 751 1636 1⁰2.
767 1558 921 1616 Deduxisti
934 1579 981 1619 co.-

137 1639 246 1698 loniam
261 1639 428 1710 Casilinum,
441 1658 498 1716 quo
509 1639 612 1697 Caesar
625 1645 692 1697 ante
706 1638 880 1697 deduuerat.⁴
906 1633 980 1696 Con·

138 1719 253 1777 suluisti
266 1737 313 1776 me
324 1737 375 1795 per
385 1719 494 1779 litteras
507 1719 543 1776 de
554 1719 653 1796 Capua
662 1725 696 1776 tu
707 1719 832 1796 quidem,
842 1718 892 1778 sed
902 1719 978 1778 idern
989 1733 995 1744 ·

139 1798 176 1858 de
185 1797 312 1856 Casilino
320 1798 529 1875 respondissem
540 1816 547 1856 ε
565 1817 707 1875 possesne,
718 1797 767 1856 ubi
777 1798 889 1856 colonia
897 1805 978 1870 esset,

134 1896 175 1936 -eo
191 1877 334 1936 coloniam
351 1897 456 1935 novam
473 1878 533 1936 iure
550 1877 697 1936 deducere.
740 1877 851 1954 Negavi
868 1879 898 1935 in
915 1897 979 1935 cam

140 1957 291 2030 coloniam,
307 1977 380 2036 quae
401 1964 476 2016 esset
496 1958 643 2035 auspicato
666 1956 797 2032 deducta,
813 1958 883 2018 dum
907 1965 983 2015 esset

140 2035 300 2110 incolumis,
326 2037 468 2096 coloniam
496 2056 599 2102 novam
624 2038 686 2095 iure
713 2036 835 2094 deduci:
863 2036 983 2094 colonos

137 2136 231 2180 ,novos
247 2117 349 2177 ascribi
365 2137 450 2195 posse
466 2117 604 2194 rescripsi.
647 2116 692 2174 Tu
713 2124 809 2174 autem
829 2116 984 2182 insolentia

140 2196 231 2254 elatus
248 2199 328 2262 omni
345 2191 538 2275 auspiciorum
555 2197 616 2254 inre
632 2195 748 2254 turbato
763 2195 921 2254 Casilinum
935 2215 984 2255 co-

139 2276 248 2334 loniam
262 2277 414 2349 deduxisti,
426 2296 483 2354 quo
494 2282 554 2342 erat
564 2275 663 2354 paucis
677 2276 759 2334 anuis
772 2283 838 2334 ante
849 2275 983 2346 deducta,

134 2362 174 2413 -ut
184 2356 318 2417 vexillum
328 2356 450 2428 tolleres,
461 2364 495 2414 ιιι
505 2363 630 2414 aratrum
641 2354 865 2424 circumduceres
877 2373 883 2414 :
901 2355 985 2412 cuius

137 2435 258 2512 quidem
275 2455 389 2494 vomere
405 2443 517 2514 portam
536 2436 652 2514 Capuae
672 2454 762 2513 paone
781 2435 983 2512 perstrinxisti,

141 2523 175 2572 ut
191 2514 320 2574 florentis
340 2515 468 2575 coloniae
488 2517 665 2587 territorium
686 2515 869 2575 minueretur.
914 2519 984 2573 103.

141 2595 190 2652 Ab
204 2595 258 2652 hac
271 2597 486 2674 perturbatione
499 2596 670 2674 religionum
686 2593 802 2653 advolas
819 2594 849 2652 in
864 2594 902 2652 M.
911 2594 987 2652 Var-

141 2674 228 2746 ronis,
240 2676 411 2734 sanctissimi
428 2684 513 2754 atque
528 2675 706 2753 integerrimi
719 2675 782 2748 viri,
792 2675 915 2733 fundum
931 2673 988 2732 Ca-

142 2754 273 2822 sinatem.
310 2753 374 2824 Quo
389 2756 467 2813 iurei
484 2775 545 2833 fquo
560 2757 627 2814 orel
663 2755 785 2827 Eodem,
794 2755 913 2832 inquies,
925 2773 987 2830 quo

110 2835 114 2842 ’
142 2833 174 2889 in
194 2832 332 2892 heredum
353 2834 504 2906 Inltubrii,
521 2853 578 2911 quo
599 2835 630 2892 iu
654 2835 793 2894 heredum
817 2834 849 2892 L.
861 2833 987 2891 Turselii

143 2913 336 2990 praediaque
353 2913 384 2970 in
404 2913 526 2991 reliquas
543 2914 763 2973 innumerabiles
779 2912 986 2992 possessiones.

143 2989 182 3047 Et
203 2991 227 3048 si
247 2991 283 3049 ab
304 2991 394 3064 hasta,
407 2993 498 3051 valeat
518 2993 608 3064 hasta,
623 2994 736 3051 valeant
756 2994 878 3065 tabulae,
893 2992 989 3051 modo

143 3067 279 3141 Caesaris,
295 3089 353 3128 non
374 3078 448 3144 tuae,
465 3072 568 3149 quibus
588 3073 722 3144 debuisti,
738 3093 797 3132 non
822 3073 930 3151 quibus
950 3079 989 3130 ιιι

143 3154 173 3204 to
189 3147 351 3207 liberavisti.
384 3151 521 3209 Varronis
542 3151 657 3228 quidem
676 3152 838 3210 Casinatem
858 3151 989 3211 fundum
