2240 3418
121 119 169 178 246
197 118 237 168 IN
253 118 290 169 M.
304 117 498 171 ANTONIUII
514 113 648 168 ORATIO
664 112 877 164 PHILIPPICA
892 111 929 164 H.

121 221 315 294 munitatium,
333 221 516 298 vectigalium
543 216 781 296 flagitiosissimae
805 216 959 276 nundinae.

58 307 67 328 ⁰
122 309 168 360 36.
184 301 301 359 Etenim
315 319 388 378 quae
402 319 446 358 res
460 299 580 380 egestati
595 305 624 357 et
637 298 695 356 aeri
709 296 802 355 alieno
816 304 873 355 tuo·
882 317 962 375 prae-

121 388 310 440 termonem
332 379 461 438 Caesaris
483 379 632 438 subvenire
656 377 814 455 potuisset?
854 377 961 436 Nescio

121 461 192 540 quid
208 459 395 518 conturbatus
415 477 475 517 esse
491 458 611 516 videris:
636 475 707 536 num
729 457 800 534 quid
822 456 962 536 subtimes
996 491 1000 498 ·

121 561 157 599 ne
174 540 211 598 ad
226 547 256 597 te
272 539 328 597 hoc
344 539 451 597 crimen
468 538 610 617 pertinere
624 537 771 595 videatur?
811 535 914 595 Libero
930 545 962 596 ts

22 661 28 674 .
120 627 219 678 metu:
241 638 327 676 nemo
348 618 445 676 credet
460 635 614 696 umquam:
636 635 695 674 non
716 622 859 674 esttuum
877 617 962 676 dere

120 700 236 780 publica
251 699 324 757 bene
341 697 462 756 mereri:
487 697 575 758 habet
590 697 674 755 istius
689 695 873 774 pulcherrimi
889 697 962 755 facti

49 849 51 854 ,
121 779 377 838 clarissimosvuos
390 777 560 856 respublica
573 783 720 836 auctores:
742 795 796 854 ego
807 783 836 834 te
846 782 962 834 tantum

121 859 245 937 guadere
265 859 340 930 dico,
357 858 467 916 fecisse·
482 877 542 920 non
566 876 663 934 arguo.
705 855 853 934 Respondi
873 857 962 914 maxi-

121 940 177 997 mis
193 935 377 1022 criminibus:
398 955 475 998 nuno
492 938 579 997 etiam
595 936 713 1015 reIIquis
729 935 961 1014 respondendum

121 1027 172 1078 est.

161 1099 229 1158 XV.
259 1097 306 1159 37.
321 1097 421 1158 Castra
440 1098 514 1160 mihi
530 1097 665 1175 Pompeii
685 1103 771 1174 atque
787 1095 859 1154 illud
875 1114 962 1155 omne

121 1186 236 1256 tempus
256 1179 394 1238 obiecisti
430 1178 495 1248 Quo
512 1177 629 1256 quidem
647 1184 776 1254 tempore
797 1176 830 1249 si,
842 1183 875 1234 ut
891 1175 960 1248 dixi,

122 1277 219 1318 meum
246 1258 398 1318 consilium
424 1258 634 1334 auctoritasque
658 1255 800 1328 valuisset,
818 1263 850 1314 ιιι
874 1255 962 1314 hodie

121 1357 226 1416 egeres,
239 1359 293 1396 nos
306 1338 387 1396 liberi
402 1355 543 1398 essemus:
564 1356 609 1395 rea
622 1336 737 1414 publica
749 1355 808 1394 non
819 1342 864 1394 tot
875 1335 963 1394 duces

121 1426 151 1478 et
171 1419 311 1477 exercitus
338 1418 485 1478 amisisset.
528 1417 631 1475 Fateor
654 1417 731 1474 enirn
755 1434 811 1486 me,
828 1431 897 1473 cunr
918 1435 961 1486 ea,

51 1571 55 1578 ἢ
122 1517 194 1576 quae
202 1498 374 1569 acciderunt,
383 1497 563 1576 providerem
573 1497 679 1567 futura,
687 1494 963 1553 tantainmaestitia

121 1578 219 1649 fuisse,
232 1583 339 1656 quanta
356 1578 443 1636 ceteri
457 1577 568 1654 optimi
585 1577 668 1647 cives,
681 1575 705 1632 si
725 1575 802 1633 idem
823 1575 963 1652 providis-

122 1665 193 1730 sent,
204 1657 333 1716 fuissent.
375 1656 526 1728 Dolebsm‚
535 1655 677 1726 dolebam,
687 1661 782 1732 patres
796 1655 961 1732 conscripti,

121 1757 181 1796 rem
193 1737 337 1815 publicam
347 1737 448 1794 vestris
462 1736 607 1814 quondam
622 1735 748 1812 meisque
759 1733 886 1792 consiliis
896 1753 963 1792 oon-

122 1823 261 1875 servatam
279 1815 359 1874 brevi
378 1823 508 1893 tempore
529 1835 589 1890 esse
609 1814 774 1892 perituram.
816 1813 878 1872 Nec
894 1833 962 1872 vero

121 1916 199 1955 eram
219 1903 278 1954 tam
300 1895 433 1955 indoctus
453 1893 633 1973 ignarusque·
646 1907 748 1965 rerum,
763 1901 797 1952 ut
816 1893 963 1970 frangerer

79 2009 83 2018 ·
122 1976 219 2034 animo
235 1983 355 2053 propter
371 1975 450 2034 'vitae
470 1974 667 2052 cupiditatem,
683 1992 755 2052 quae
775 1991 822 2031 me
833 1991 963 2043 *manens

121 2055 273 2114 conficeret
287 2055 450 2132 angoribus,
462 2055 580 2112 dimissa
593 2053 733 2112 molestiis
746 2053 881 2111 omnibus
894 2052 963 2111 libo-

121 2142 203 2194 raret.
246 2135 314 2193 Illos
335 2153 390 2212 ego
413 2133 673 2212 praestantissimos
693 2133 776 2204 vlros,
792 2132 901 2191 lumina
921 2133 963 2191 rei

120 2215 260 2294 publicae,
272 2216 366 2273 vivere
386 2214 526 2285 volebam,
538 2220 584 2271 tot
604 2212 774 2284 consulares,
785 2220 831 2271 tot
851 2220 963 2290 praeto·

121 2296 187 2367 rios,
203 2303 249 2354 tot
272 2294 489 2354 honestissimos
510 2300 662 2364 senatores,
677 2311 794 2352 omnem
817 2300 963 2371 praeterea

121 2375 221 2434 florem
242 2374 402 2434 nobilitatis
422 2393 455 2432 ac
470 2374 636 2444 iuventutis,
647 2380 710 2432 tum
727 2373 904 2450 optimorum
924 2372 963 2430 oi-

121 2456 200 2513 vium
215 2455 370 2514 exercitus:
393 2454 443 2532 qui
457 2453 481 2510 si
494 2453 631 2524 viverent,
642 2453 772 2530 quamvis
785 2453 884 2530 iniqua
897 2471 963 2510 con·

121 2535 234 2593 dicione
254 2533 446 2612 pacis-mihi
469 2533 547 2590 enirn
572 2533 666 2590 omnia
686 2552 742 2610 pax
766 2551 831 2590 oum
852 2532 963 2590 civibus

120 2614 196 2672 bello
217 2613 295 2672 civili
316 2613 415 2673 utilior
434 2612 683 2672 videbatur-rem
706 2612 851 2690 publicam
875 2611 962 2669 hodie

121 2701 291 2752 teneremus.
335 2699 386 2766 38,
397 2692 477 2762 Quae
497 2692 638 2751 sententia
649 2694 680 2750 si
697 2692 831 2751 valuisset
849 2711 882 2748 ac
902 2710 962 2749 non

121 2774 148 2830 ei
164 2773 289 2830 maxime
304 2765 387 2843 mibi,
399 2791 522 2848 quorum
541 2792 596 2849 ego
613 2773 687 2830 vitae
707 2771 898 2842 consulebam,
911 2787 962 2848 spe

121 2852 257 2909 victoriae
276 2850 343 2910 elati
360 2851 546 2922 obstitissent,
558 2859 591 2909 ut
609 2852 664 2909 alia
683 2852 824 2921 omittam,
836 2858 869 2908 tu
886 2858 962 2908 certe

121 2943 279 3007 numquam
292 2931 324 2986 in
338 2929 510 2988 hoo'ordine
523 2930 568 2988 vel
580 2931 679 3007 potius
692 2937 849 3007 numquam
863 2931 893 2988 in
907 2929 961 2986 bac

122 3008 191 3065 urbe
212 3008 371 3065 mansisses.
413 3008 456 3066 At
476 3027 543 3066 vero
563 3009 616 3067 On.
629 3009 762 3086 Pompeii
783 3009 961 3068 voluntatem

122 3100 199 3142 amc
213 3085 355 3144 alienabat
368 3087 460 3144 oratio
474 3105 545 3145 mea.
583 3087 632 3145 An
646 3087 694 3146 ille
708 3107 882 3166 quemquam
896 3089 961 3166 plus
1033 3119 1037 3124 -

122 3163 241 3224 dilexitt
261 3183 328 3224 cum
344 3164 403 3225 ullo
419 3172 470 3225 aut
483 3184 627 3241 sermones
642 3173 693 3226 aut
706 3167 825 3226 consilia
835 3167 962 3233 contulit
