2240 3418
122 111 170 162 198
316 109 387 160 PRO
403 108 435 172 Q
450 108 601 160 LIGARIO
617 107 759 160 ORATIO.

120 210 311 270 condemnare
325 230 439 268 cansam
453 210 539 282 illam,
550 230 636 288 quam
650 217 763 269 secutus
776 217 844 283 erat,
854 211 961 272 videre·

120 298 183 349 tur:
205 291 236 348 in
250 290 448 348 Macedoniam
464 290 502 348 ad
515 291 567 348 On.
576 291 709 369 Pompeii
726 297 818 349 eastra
830 292 917 364 venit,
928 293 960 350 in

120 391 184 429 eam
201 369 292 448 ipsein
309 389 461 442 oausam,a
477 389 534 448 qna
549 378 609 429 erat
622 371 743 429 reiectus
757 371 868 429 iniuria
911 378 958 431 28.

120 450 214 520 Quidr
235 469 299 508 eum
315 450 371 507 ista
383 469 428 507 res
444 450 516 507 nihil
530 451 732 514 commovisset
746 451 807 508 eius
820 451 958 523 animum,

120 531 158 610 ad
169 550 254 608 quem
264 529 412 601 veneratis,
422 529 609 607 languidiore,
620 530 713 601 eredo,
724 529 820 588 studio
834 530 864 587 in
875 549 960 588 causa

119 611 232 668 fuistis:
254 617 367 668 tantum
381 609 469 667 modo
483 609 514 667 in
524 610 673 687 praesidiis
687 610 779 681 eratis,
792 610 881 667 animi
891 629 958 668 vero

119 710 137 748 a
150 710 234 748 causa
245 689 453 748 abhorrebant:
474 709 519 762 an,
529 696 562 747 nt
575 688 609 747 iit
621 690 652 746 in
666 689 797 747 civilibus
810 687 910 748 belus.
926 734 933 748 .
949 733 956 749 .

119 789 172 828 nec
192 771 223 828 in
239 770 321 828 vobis
341 770 434 847 magis
450 788 535 846 quam
557 769 588 827 in
606 769 741 846 reliquis?
761 787 862 826 omnes
880 769 958 827 enim
979 823 986 836 ,

118 850 252 908 vincendi
268 850 364 908 studio
377 849 552 909 tenebamur.
595 849 679 907 Pacis
696 849 829 926 equidem
846 868 959 926 semper

118 937 218 987 auctor
238 930 291 1001 fui,
306 929 357 987 sed
375 937 438 987 tum
463 947 542 987 sero:
564 936 624 987 erat
646 929 722 987 enim
745 928 875 999 amentis,
891 947 957 986 cum

118 1010 209 1066 aciem
218 1009 336 1081 videres,
348 1028 448 1086 pacem
462 1009 595 1087 cogitare.
632 1009 748 1080 Omnes,
757 1009 885 1086 inquam,
897 1008 958 1065 vin-

118 1108 180 1147 cere
195 1088 373 1147 volebamus:
394 1097 427 1148 tu
446 1097 521 1148 certe
540 1089 699 1167 praecipue,
715 1089 765 1166 qui
783 1089 814 1146 in
833 1107 899 1146 eum
917 1087 958 1146 lo-

118 1188 183 1226 cum
200 1188 323 1241 veneras,
335 1169 385 1226 ubi
401 1169 455 1227 tibi
472 1177 546 1228 esset
561 1169 748 1246 pereundum,
760 1168 816 1226 nisi
833 1167 954 1226 vicisses

117 1247 306 1326 Quamquam,
318 1257 352 1307 ut
367 1268 444 1307 nunc
464 1268 494 1307 se
514 1269 559 1306 res
579 1249 674 1320 habet,
686 1268 745 1307 non
766 1248 868 1306 dubito
886 1248 956 1326 quin
1011 1315 1017 1324 Ι

116 1328 190 1386 hanc
207 1328 326 1386 salntem
341 1329 553 1406 anteponasilli
566 1329 709 1387 victoriae.
745 1329 783 1387 X.
812 1334 859 1386 29.
875 1327 956 1386 Haec
1049 1387 1055 1402 ,
1099 1363 1103 1370 ·

116 1427 171 1485 ego
185 1427 244 1465 non
258 1408 390 1480 dicerem,
400 1408 522 1480 Tubero,
537 1409 562 1466 si
578 1416 628 1466 ant
641 1427 693 1466 vos
706 1408 883 1466 constantiae
897 1426 957 1466 ves-

115 1494 177 1545 trae
199 1495 250 1546 ant
270 1488 419 1546 Caesarem
440 1485 571 1547 beneficii
593 1489 637 1546 sui
659 1489 828 1566 poeniteret
870 1487 956 1560 Nque

116 1587 223 1645 quaero
239 1573 335 1626 utrum
351 1574 458 1626 vestras
475 1568 592 1626 iniurias
608 1588 645 1626 an
662 1569 702 1627 rei
719 1568 850 1646 publicae
863 1587 956 1646 perse·

116 1647 260 1724 quamini:
283 1648 361 1705 sirei
375 1647 513 1725 publicae,
524 1648 595 1725 quid
608 1647 644 1705 de
658 1646 751 1706 vestra
765 1649 795 1705 in
810 1648 858 1705 illa
871 1667 956 1705 causa

115 1727 324 1804 perseverantia
339 1727 566 1804 respondebitis?
587 1728 611 1785 si
625 1735 740 1799 vestrae,
752 1728 848 1786 videte
864 1747 900 1785 ne
915 1747 956 1785 er-

115 1807 192 1877 retis,
203 1807 253 1883 qui
266 1805 415 1864 Caesarem
425 1808 526 1865 vestris
540 1807 664 1865 inimicis
678 1808 782 1866 iratum
796 1808 860 1866 fore
873 1815 956 1885 pute-

114 1885 161 1957 tis,
173 1904 239 1943 cnm
253 1885 395 1963 ignoverit
409 1887 474 1945 suia

155 1964 256 2042 Itaque
270 1985 340 2023 num
354 1965 408 2024 tibi
422 1965 521 2025 videor
534 1968 565 2024 in
579 1987 664 2025 causa
677 1967 783 2045 Ligarii
798 1987 859 2025 esse
873 1985 956 2024 occu·

115 2047 218 2123 patus?
237 2065 308 2102 num
328 2045 365 2120 de
385 2046 446 2104 eins
466 2047 545 2105 facto
566 2047 678 2106 diceret
718 2047 868 2124 Quidquid
883 2046 953 2118 dixi,

72 2163 81 2165 -
114 2126 257 2183 adunam
278 2145 419 2184 summam
439 2127 539 2185 referri
548 2126 621 2201 ,volo
637 2127 681 2184 vel
702 2125 889 2184 humanitatis
909 2126 955 2184 vel

114 2206 282 2263 clementiae
291 2206 336 2263 vel
346 2206 564 2265 misericordiae.
601 2213 647 2265 30.
660 2206 774 2278 Causas,
787 2206 897 2278 Caesar,
907 2206 955 2282 egi

114 2285 220 2343 multas
240 2285 373 2363 equidem
391 2293 496 2358 tecum,
508 2286 578 2344 dum
594 2293 624 2344 te
640 2287 671 2344 in
687 2287 753 2344 foro
769 2286 864 2345 tenuit
880 2286 954 2343 ratio

114 2364 258 2423 honorum
279 2373 404 2438 tuorum,
418 2372 495 2424 certe
516 2385 674 2444 numquam
697 2365 753 2424 hoc
774 2365 883 2422 modo:
908 2363 955 2442 Ig-

57 2457 68 2475 ··
114 2445 232 2516 noscite,
247 2445 371 2503 indices:
393 2446 504 2517 erravit,
516 2445 612 2523 lapsus
632 2453 683 2517 est,
698 2465 757 2502 non
778 2445 907 2521 putavit:
928 2444 954 2502 si

115 2541 252 2600 umquam
276 2525 403 2601 posthac.
445 2525 495 2582 Ad
514 2532 662 2601 parentem
686 2525 726 2582 sic
751 2525 799 2602 agi
820 2525 901 2596 solet,
916 2523 954 2582 ad

115 2603 239 2661 iudices:
257 2602 286 2660 N
287 2623 325 2661 on
338 2605 417 2675 fecit,
427 2623 486 2662 non
500 2605 654 2682 cogitavit:
671 2605 737 2662 falsi
747 2611 843 2676 testes,
853 2603 954 2662 fictum

115 2683 230 2740 crimen
272 2682 329 2752 Dic
353 2690 390 2755 te,
406 2684 516 2755 Caesar,
532 2685 568 2742 de
592 2685 671 2743 facto
696 2684 803 2762 Ligarii
827 2684 954 2742 iudicem

115 2779 191 2818 esse:
217 2761 320 2839 quibus
340 2762 371 2819 in
391 2764 538 2839 praesidiis
558 2765 647 2822 inerit
668 2783 786 2843 quaere:
811 2770 901 2834 taceo,
915 2782 954 2821 ne

115 2840 185 2897 haec
209 2840 325 2917 quidem
346 2841 459 2919 colliga,
474 2862 546 2920 quae
570 2844 691 2902 fortasse
715 2844 841 2902 valerent
865 2843 954 2901 etiam

115 2918 193 2995 apud
206 2918 347 2976 iudicem:
368 2919 492 2997 Legatus
505 2931 571 2981 ante
585 2923 691 2981 bellum
706 2924 861 3001 profectus,
873 2922 954 2980 relic·

116 3003 163 3054 tus
179 2996 209 3053 in
226 2997 387 3073 paee,belio
405 3019 563 3077 oppressus
575 3003 606 3060 in
621 3023 655 3061 eo
669 3004 732 3081 ipso
749 3022 808 3060 non
825 3002 952 3074 acerbus,

116 3075 173 3132 iam
188 3083 231 3133 est
244 3083 323 3135 totus
336 3078 432 3136 animo
446 3099 478 3137 ac
493 3081 588 3139 studio
602 3089 677 3142 tuns.
710 3083 759 3141 Ad
773 3083 896 3141 iudicem
911 3082 954 3140 sic

116 3154 164 3230 agi
184 3154 265 3228 solet,
279 3156 329 3215 sed
348 3176 412 3234 ego
424 3159 502 3236 apud
521 3168 669 3238 parentem
689 3163 808 3241 loquor:
830 3161 955 3237 Erravit,
