2262 3412
140 148 173 198 86
336 144 407 198 PRO
424 146 455 196 L.
470 143 625 196 MURENA
640 143 784 198 ORATIO.
1045 180 1049 185 ·

139 253 291 327 propterea
314 237 395 325 quod
414 247 588 305 renuntiatio
612 247 717 324 gradus
740 246 835 320 habet,
855 247 982 327 dignitas
1062 243 1064 248 ¹

139 337 235 386 autem
253 334 296 385 est
310 346 444 406 persaepe
462 327 561 384 eadem
578 327 716 385 omnium.
759 327 816 385 Sed
831 337 982 406 quaestura

139 408 286 484 utriusque
307 426 396 484 prope
416 407 537 464 modum
557 408 619 484 pari
639 414 788 464 momento
809 408 893 466 sortis
913 409 978 469 iuit.

138 486 251 546 Habuit
262 486 308 544 bic
319 487 381 565 lege
392 486 469 544 Titia
479 486 656 565 provinciam
667 488 785 544 tacitam
796 495 825 545 et
836 487 979 566 quietamz

1 612 2 615 η
49 639 51 644 Α
138 575 171 625 tu
185 567 271 637 illam,
284 566 338 637 cui,
351 586 416 624 cum
432 567 595 644 quaestores
611 563 777 639 sortiuntur,
789 567 876 625 etiam
893 568 980 627 accla-

138 647 209 705 mari
221 647 300 717 solet,
311 646 482 718 Ostiensem,
492 653 622 704 nontam
632 647 786 724 gratiosam
801 655 831 705 et
840 647 979 708 illustrem

138 746 224 805 quam
239 726 418 804 negotiosam
435 733 464 784 et
477 727 636 785 molestam.
679 726 818 785 Consedit
831 728 979 808 utriusque

137 826 242 864 nomen
257 807 287 863 in
303 813 460 884 quaestura
503 806 622 864 Nullum
639 806 716 864 enim
731 807 812 865 vobis
828 827 889 866 sors
905 828 980 868 cam·

137 905 207 964 pum
224 886 306 945 dedit
319 887 349 943 in
364 905 422 963 quo
439 905 584 944 excurrere
601 887 690 945 virtus
698 888 899 966 cognoscique
914 908 980 966 pos·

137 973 187 1024 set.
232 972 277 1024 19.
300 965 415 1043 Reliqui
428 967 566 1045 temporis
580 967 706 1043 spatium
718 967 749 1024 in
763 968 978 1028 contentionem

137 1053 273 1104 vocatur:
297 1046 333 1104 ab
349 1055 472 1124 utroque
489 1047 680 1105 dissimillima
697 1047 808 1106 ratione
823 1055 978 1107 tractatum

137 1133 187 1184 est.
213 1126 266 1185 Dc
279 1126 393 1185 Servius
401 1126 834 1186 bienobiscumhancurbanam
843 1128 978 1187 militiam

136 1207 336 1283 respondendi,
349 1207 498 1278 scribendi,
510 1208 637 1279 cavendi,
649 1208 763 1285 plenam
778 1208 978 1266 sollicitudinis

136 1306 168 1344 ac
183 1287 330 1359 stomachi,
343 1296 457 1346 secutus
473 1295 533 1346 est:
554 1289 599 1346 ius
615 1288 831 1355 civiledidicit:
853 1289 977 1347 multum

136 1368 272 1445 vigilavit,
290 1368 446 1427 laboravit:
469 1375 583 1445 praesto
603 1369 701 1426 multis
721 1368 796 1428 fuit:
818 1368 977 1438 multorum

136 1448 287 1506 stultitiam
308 1467 457 1526 perpessus
477 1455 528 1519 est,
546 1448 743 1526 adrogantiam
764 1449 891 1527 pertulit,
907 1449 978 1508 diffi-

136 1528 272 1586 cultatem
289 1527 450 1586 exsorbuit:
472 1529 597 1587 vixitad
611 1529 731 1587 aliorum
748 1530 905 1602 arbitrium,
917 1549 977 1588 non

136 1608 174 1665 ad
195 1627 286 1666 suum.
329 1607 435 1685 Magna
457 1607 519 1666 laus
541 1615 571 1666 et
591 1617 673 1687 grata
696 1610 862 1686 hominibus
886 1630 976 1668 unum

135 1688 283 1746 hominem
305 1687 448 1746 elaborare
470 1689 499 1746 in
522 1708 555 1747 ea
577 1689 702 1761 scientia,
723 1708 795 1767 quae
818 1691 855 1748 sit
877 1691 976 1749 multis

135 1769 293 1846 profutura
337 1775 383 1827 20.
406 1769 484 1838 Quid
502 1769 621 1827 Murena
641 1771 767 1828 intereat
807 1769 975 1829 Fortissimo

135 1855 165 1905 et
183 1849 394 1926 sapientissimo
412 1851 482 1920 viro,
498 1869 611 1907 summo
629 1849 795 1926 imperatori
813 1849 923 1927 legatus
942 1850 973 1909 L

136 1927 253 1985 Lucullo
264 1930 337 1987 fuit:
358 1930 454 2006 quain
465 1930 608 2006 legatione
622 1929 705 1986 duxit
719 1929 882 1999 exercitum,
894 1930 976 2008 signa
1045 1953 1048 1961 ¹

135 2008 265 2080 contulit,
283 2029 400 2066 manum
421 2010 572 2080 conseruit,
590 2028 709 2086 magnas
729 2009 826 2087 copias
847 2009 974 2068 hostium

16 2095 24 2104 ’
134 2088 219 2161 fudit,
232 2088 315 2147 urbes
328 2091 433 2166 partim
447 2091 483 2160 vi,
496 2089 600 2166 partim
616 2088 765 2146 obsidione
779 2089 863 2166 cepit,
873 2087 974 2148 Asiam

134 2168 219 2226 istam
235 2170 369 2227 refertam
386 2178 415 2226 et
431 2169 561 2227 eamdem
578 2167 729 2226 delicatam
746 2169 786 2227 sic
803 2168 884 2241 obiit,
896 2176 929 2228 ut
943 2171 974 2227 in

134 2268 168 2306 ea
183 2269 275 2327 neque
289 2250 422 2307 avaritiae
439 2267 531 2326 neque
545 2248 672 2306 luxuriae
686 2249 839 2326 vestigium
855 2249 975 2328 relique·

134 2329 187 2408 rit:
209 2329 335 2387 maximo
352 2329 382 2386 in
398 2328 473 2386 b'ello
491 2329 531 2386 sic
547 2336 591 2386 est
606 2336 741 2399 versatus,
756 2337 790 2387 ut
805 2328 853 2387 bic
869 2330 974 2388 multas

133 2428 177 2466 res
196 2416 225 2468 et
240 2429 359 2486 magnas
378 2409 438 2466 sine
454 2409 625 2486 imperatore
643 2409 769 2486 gesserit,
785 2409 893 2466 nullam
913 2410 973 2467 sine

44 2514 50 2528 ·
133 2488 188 2546 hoc
212 2489 373 2566 imperator.
415 2489 514 2566 Atque
537 2489 606 2546 haee
631 2491 804 2565 quamquam
825 2496 973 2566 praesente

133 2567 163 2626 1.
174 2568 291 2626 Lucullo
302 2568 409 2645 loquar,
417 2576 514 2625 tamen
525 2587 561 2626 ne
572 2569 607 2625 ab
616 2568 679 2644 ipso
690 2575 807 2646 propter
814 2568 972 2646 periculum

133 2655 263 2705 nostrum
285 2667 446 2705 concessam
468 2648 614 2705 videamur
634 2646 737 2705 habere
758 2649 901 2718 licentiam
922 2649 977 2706 lin-⁴

133 2728 228 2804 gandi,
241 2726 363 2806 publicis
379 2725 482 2785 litteris
497 2735 602 2785 testata
618 2735 685 2785 sunt
702 2729 805 2800 omnia,
819 2728 923 2806 quibus
939 2728 970 2787 ln

134 2807 267 2886 Lucullus
281 2814 394 2864 tantum
406 2800 455 2884 [ei]
467 2807 558 2864 laudis
569 2808 715 2884 impertiit,
727 2816 865 2885 quantum
879 2828 972 2886 neque

133 2887 302 2944 ambitiosus
315 2886 470 2964 imperator
483 2906 575 2965 neque
589 2888 702 2945 invidus
712 2888 835 2946 tribuere
850 2889 930 2960 alteri
941 2890 972 2946 in

133 2967 371 3025 communicanda
389 2967 480 3044 gloria
496 2968 602 3025 debuit.
646 2973 692 3025 21.
715 2967 834 3025 Summa
849 2969 879 3026 in
896 2976 973 3028 utro-

134 3066 189 3124 que
204 3055 246 3105 est
256 3047 397 3117 honestas,
408 3066 520 3104 summa
532 3048 673 3124 dignitas:
691 3061 854 3126 quamego,
865 3049 889 3107 si
899 3049 973 3107 mibi

133 3145 185 3204 per
194 3126 324 3184 Servium
335 3126 426 3198 liceat,
436 3128 498 3203 pari
509 3133 594 3204 atque
608 3128 707 3186 eadem
719 3128 748 3184 in
759 3127 842 3185 laude
854 3147 971 3206 ponam.

134 3205 192 3268 Sed
213 3225 272 3265 non
293 3205 367 3266 licet
414 3205 517 3284 Agitat
538 3226 599 3266 rem
623 3206 777 3266 militarem
786 3225 797 3266 ε,
818 3208 983 3270 insectatur.
