2262 3418
124 59 265 138 Sulpicio,
273 59 309 117 de
326 59 456 137 equitum
472 57 614 129 centuriis,
627 55 665 115 Μ
678 55 791 128 Catoni,
804 56 917 116 homini
933 58 964 117 in

124 140 205 198 omni
221 140 325 198 virtute
343 138 498 210 excellenti,
513 137 549 195 de
566 137 656 215 ipsius
672 137 859 209 accusatione,
872 137 908 195 de
924 157 964 196 sc·

124 227 208 278 natus
224 219 363 291 consulto,
376 219 411 277 de
428 238 457 276 re
474 217 589 296 publiea
604 216 790 294 respondebo.
833 217 962 276 XXVII.

126 307 171 359 55.
194 299 251 358 Sed
269 319 367 375 pauca,
383 318 454 377 quae
473 317 570 355 meum
588 297 716 354 animum
735 303 851 374 repente
869 317 964 356 move

123 386 198 452 runt,
210 380 289 457 prius
303 379 339 437 de
354 379 384 437 1.
398 379 531 436 Mmenae
547 378 665 434 fortuna
681 395 844 454 conquerar.
887 377 962 434 Nam

123 480 189 518 cum
203 478 286 537 saepe
301 466 392 530 antea,
401 458 517 530 iudices,
528 464 557 516 et
571 477 605 515 ex
619 457 739 515 aliorum
753 457 875 514 miseriis
888 463 963 516 etex

122 540 194 598 meis
207 541 282 598 curis
296 538 496 615 laboribusque
510 537 661 595 cotidianis
675 537 838 594 fortunatos
852 555 901 594 eos
913 537 963 594 ho-

122 621 215 678 mines
228 619 392 690 iudicarem,
403 619 452 696 qui
466 617 569 676 remoti
583 637 600 674 a
614 617 716 674 studiis
730 615 896 674 ambitionis
910 617 963 674 oti-

122 719 172 756 um
189 719 222 757 ac
238 699 474 778 tranquillitatem
489 698 564 756 vitae
580 697 671 754 secuti
687 703 761 768 sunt,
773 703 836 754 tum
851 715 917 754 vero
932 697 961 754 in

122 778 168 835 his
181 779 358 838 L'Murenae
371 779 459 846 tantis
473 785 589 855 tamque
603 777 766 854 improvisis
778 776 911 853 periculis
922 777 963 834 ita

122 878 186 916 sum
200 859 297 917 animo
310 859 449 930 adiectus,
461 865 494 916 ut
507 877 566 916 non
581 876 683 935 queam
698 857 766 914 satis
780 874 872 934 neque
886 875 963 914 com-

120 957 239 996 munem
258 939 387 996 omnium
404 946 534 997 nostrum
553 937 752 995 condicionem
769 955 861 1014 neque
877 936 962 995 huius

122 1026 255 1077 eventum
276 1019 479 1096 fortunamque
499 1018 643 1075 miserari:
669 1017 718 1094 qui
739 1017 873 1094 primum,
891 1017 961 1075 dum

122 1118 157 1158 ex
167 1098 324 1157 honoribus
337 1099 481 1157 continuis
494 1097 621 1155 familiae
634 1097 831 1174 maiorumque
845 1116 961 1155 suorum

121 1196 211 1237 unum
222 1179 392 1237 adscendere
400 1179 523 1256 gradum
534 1177 684 1255 dignitatis
694 1183 814 1234 conatus
824 1184 875 1248 est,
883 1177 962 1236 venit
987 1229 991 1236 .

26 1278 27 1281 ¹
122 1259 152 1316 in
166 1258 332 1336 periculum,
344 1277 381 1316 ne
395 1266 424 1316 et
438 1278 479 1329 ea,
492 1277 563 1336 quae
576 1302 583 1317 .
597 1303 604 1317 .
616 1302 623 1316 .
638 1256 744 1328 relicta,
756 1263 786 1314 et
798 1256 876 1329 haec,
889 1276 961 1334 quae

121 1337 158 1395 'ab
171 1339 235 1416 ipso
249 1346 348 1417 parata
362 1345 436 1410 suut,
448 1339 570 1409 amittat,
581 1337 693 1408 deiude,
703 1343 821 1414 propter
834 1337 960 1395 studium

121 1437 212 1475 novae
226 1417 326 1490 laudis,
338 1418 424 1484 etiam
438 1417 469 1475 in
483 1418 586 1476 veteris
599 1417 732 1474 fortunae
746 1417 897 1474 discrimen
914 1415 975 1475 ad·'

122 1497 243 1556 ducitur.
287 1503 332 1556 56.
355 1495 434 1566 Quae
458 1517 525 1556 cum
549 1504 616 1555 sunt
637 1497 742 1574 gravia,
762 1496 878 1568 iudices,
897 1503 961 1555 tum

121 1577 193 1636 illud
210 1577 422 1636 acerbissimum
442 1584 493 1649 est,
509 1577 588 1655 quod
603 1576 690 1635 babet
709 1595 757 1635 eos
776 1584 960 1649 accusatores,

121 1676 180 1724 non
198 1658 247 1735 qui
264 1657 331 1716 odio
348 1657 563 1716 inimicitiarum
580 1657 617 1715 ad
633 1656 832 1728 accusandum,
845 1657 895 1715 sed
912 1657 962 1734 qui

122 1737 218 1795 studio
235 1737 385 1796 accusandi
402 1737 439 1796 ad
455 1737 621 1802 inimicitias
637 1736 843 1795 descenderint.
886 1737 962 1795 Nam

121 1823 155 1875 ut
172 1817 304 1876 omittam
321 1817 451 1876 Servium
468 1817 636 1896 Sulpicium,
652 1835 736 1895 quem
754 1816 884 1894 intelligo
902 1836 961 1875 non

121 1897 226 1956 iniuria
243 1897 274 1956 L.
286 1898 429 1970 Murenae,
445 1898 496 1956 sed
513 1897 631 1956 honoris
649 1897 833 1955 contentione
852 1916 963 1975 permo-

121 1986 193 2050 tum,
213 1985 326 2036 accusat
346 1985 481 2056 paternus
503 1979 620 2048 amicus,
640 1976 672 2036 O.
688 1977 852 2049 Postumus,
870 1985 960 2049 vetus,

121 2066 155 2118 ut
168 2059 208 2118 ait
222 2059 291 2137 ipse,
304 2059 414 2117 ricinus
427 2077 460 2116 ac
473 2059 662 2116 necessarius:
682 2058 731 2135 qui
744 2057 963 2115 necessitudinis

121 2159 219 2198 causas
242 2139 403 2217 complures
425 2138 554 2221 protulit,
575 2138 727 2196 simultatis
754 2137 862 2196 nullam
886 2157 963 2195 com-

120 2239 278 2278 memorare
308 2221 423 2298 potuit:
456 2225 569 2278 accusat
598 2218 657 2277 Ser.
680 2217 831 2295 Sulpicius,
857 2217 963 2276 sodalis

121 2299 181 2371 filii,
197 2299 277 2358 cuius
295 2300 412 2377 iugenio
430 2300 542 2377 paterni
561 2317 661 2356 omnes
678 2297 828 2356 necessarii
846 2298 963 2356 muniti·

121 2398 184 2436 ores
200 2398 260 2436 esse
274 2379 432 2438 debebant:
454 2385 567 2437 accusat
581 2378 619 2436 M.
630 2377 712 2450 Cato,
725 2378 774 2455 qui
789 2396 962 2456 quamquam

121 2476 138 2514 a
158 2456 277 2516 Murena
297 2459 424 2518 nullane
444 2478 581 2536 umquam
602 2458 710 2516 alienus
730 2458 796 2530 fuit,
811 2465 908 2516 tamen
929 2477 963 2515 ea

33 2545 40 2558 ·
121 2537 290 2596 condicione
306 2532 414 2617 [nobis]
430 2546 490 2597 erat
503 2540 533 2596 in
547 2539 601 2596 hac
617 2538 732 2596 civitate
748 2545 840 2610 natus,
852 2545 885 2596 ut
902 2538 963 2596 eius

122 2636 198 2694 opes,
211 2625 244 2675 ut
257 2614 407 2695 ingenium
419 2619 561 2696 praesidio
575 2617 674 2676 multis
688 2619 774 2676 etiam
789 2618 896 2690 alienis,
906 2618 963 2676 exi-

121 2696 163 2754 tio
178 2697 226 2754 vix
242 2716 375 2773 cuiquam
389 2697 507 2755 inimico
524 2715 584 2755 esse
600 2696 723 2756 deberet.
766 2699 812 2756 st.
835 2698 973 2774 Respon-

122 2775 196 2834 debo
213 2776 302 2853 igitur
318 2775 458 2834 Postumo
475 2777 610 2854 primurn,
622 2777 672 2856 qui
687 2777 784 2835 nescio
802 2798 859 2856 quo
876 2785 962 2856 pacto

121 2855 194 2913 mihi
218 2855 330 2912 videtur
354 2856 511 2932 praetorius
538 2857 707 2924 candidatus
729 2857 760 2914 in
785 2857 962 2916 consularem

116 2935 203 3012 quasi
222 2933 394 2991 desultorius
412 2935 441 2992 in
461 2937 662 3014 quadrigarum
681 2937 852 2994 curriculum
871 2938 963 2995 ineur-

121 3033 202 3078 rere.¹
228 3012 317 3071 Cuius
331 3014 534 3091 competitores
547 3016 572 3073 si
585 3016 657 3073 nihil
676 3015 860 3094 ³·liquerunt,
869 3017 963 3094 digni-

1116 1997 1118 2144 l

1114 2539 1118 2727 l

1114 2929 1117 3062 l

810 3065 1117 3380 ..l
