2262 3418
114 98 162 147 176
249 95 320 147 PRO
335 95 367 146 T.
380 95 495 147 ANNIO
511 94 650 146 MILONE
666 95 810 147 ORATIO.

112 197 275 256 'redundant
290 217 324 255 ex
341 198 424 255 fonte
439 197 489 255 illo
506 197 626 257 dolores.
662 195 740 266 Quid
755 216 803 256 mc
818 195 951 256 reducem
1015 222 1018 228 ·

113 297 174 336 esse
187 277 335 336 voluistisl
355 296 392 336 an
406 284 438 335 ut
448 277 627 355 inspectante
640 296 687 335 me
700 276 909 354 expellerentur
921 278 951 349 ii,

85 373 93 383 ·
112 377 164 434 per
175 377 246 434 quos
260 376 350 414 essem
363 357 532 415 restitutusl
565 356 671 429 Nolite,
682 356 800 415 obsecro
810 377 869 428 vos,
879 375 953 415 acer·

112 436 223 495 biorem
236 436 310 494 mihi
323 436 384 515 pati
400 437 525 494 reditum
541 456 610 508 esse,
622 457 707 515 quam
725 437 813 495 fuerit
829 436 877 495 ille
890 437 952 513 ipse

113 517 259 575 discessus
295 517 440 594 Numqui
460 536 578 594 possum
598 523 699 595 putare
719 536 767 574 me
786 517 959 575 restitutum·

113 615 182 667 esse,
194 596 218 654 si
231 595 372 654 distrahar
385 596 421 654 ab
434 596 478 669 iis,
489 615 541 674 per
554 615 627 674 quos
640 596 789 655 restitutus
803 597 885 654 sumi

153 675 327 735 XXXVIII.
342 675 465 736 Utinam
478 677 509 734 di
520 675 695 735 immortales
705 675 952 752 fecissent—pace

112 763 171 828 tua,
182 757 283 834 patria,
295 757 433 815 dixerim:
453 762 552 814 metuo
566 757 643 814 enim
656 775 694 814 ne
710 755 843 814 scelerate
857 755 951 812 dicam

112 836 143 892 in
157 843 186 894 te
200 836 278 914 quod
288 855 341 913 pro
352 835 460 894 Milone
473 836 566 894 dicam
580 835 778 914 pie—utinam
790 834 823 893 P.
832 834 952 892 Clodius

112 934 172 972 non
185 915 274 973 modo
284 916 399 987 viveret,
411 916 460 974 sed
475 916 562 974 etiam
575 922 697 993 praetor,
708 914 816 986 consul,
828 914 953 973 dictator

113 1002 187 1053 esset
202 995 300 1072 potins
316 1014 401 1072 quam
418 995 474 1053 hoc
491 994 683 1073 spectaculum
698 994 840 1053 viderem!
884 999 949 1055 104.

112 1074 140 1132 Ο
154 1075 185 1133 di
198 1075 390 1134 immortales!
411 1075 517 1133 fortem
534 1082 564 1134 et
577 1095 595 1133 a
610 1074 700 1147 vobis,
711 1074 829 1147 iudices,
841 1093 953 1132 conser-

113 1153 238 1212 vandum
262 1155 371 1214 virum!
412 1154 541 1227 Minime,
562 1154 690 1227 minime,
711 1155 814 1232 inquit.
856 1153 952 1212 Immo

113 1253 180 1292 vero
193 1253 300 1312 poenas
316 1234 363 1293 illc
379 1234 491 1293 debitas
509 1235 610 1293 luerit:
631 1254 685 1292 nos
699 1233 859 1306 subeamus,
871 1234 895 1291 si
911 1234 953 1291 ita

112 1333 226 1372 necesse
240 1321 292 1385 est,
301 1334 360 1372 non
371 1315 489 1373 debitas.
525 1314 631 1372 Hicine
640 1314 684 1372 vir
693 1314 802 1392 patriae
813 1321 898 1372 uatus
908 1333 953 1371 us-

113 1413 200 1471 quam
211 1394 266 1451 nisi
279 1395 309 1451 in
320 1395 413 1472 patria
421 1395 567 1466 morietur,
579 1401 637 1466 aut,
649 1394 674 1451 si
683 1395 768 1466 forte,
778 1413 831 1472 pro
841 1393 953 1472 patriai

112 1473 199 1531 liuius
214 1493 266 1531 vos
285 1475 375 1532 animi
390 1480 578 1532 monumenta
596 1473 766 1545 retinebitis,
777 1474 906 1552 corporis
921 1471 967 1532 inx

113 1552 198 1611 Italia
217 1553 328 1611 nullum
349 1553 509 1633 sepulcrum
530 1572 591 1611 esse
610 1554 782 1631 patieminil
802 1553 881 1612 hunc
902 1573 954 1612 sua

114 1633 264 1711 quisquam
276 1634 417 1692 sententia
426 1652 460 1692 ex
471 1634 524 1692 hac
535 1632 604 1692 urbe
615 1633 745 1712 expellet,
756 1653 841 1713 quem
852 1653 953 1692 omnes

113 1713 198 1770 urbes
218 1713 368 1789 expulsum
392 1733 410 1770 a
429 1713 511 1771 vobis
531 1713 569 1771 ad
589 1733 619 1772 se
639 1714 800 1773 vocabuntl
841 1719 908 1772 105.
925 1713 953 1773 Ο

113 1799 218 1850 terram
241 1792 320 1850 illam
344 1792 466 1864 beamur,
485 1811 557 1871 quae
576 1792 654 1852 hunc
674 1793 768 1852 virum
792 1793 952 1872 exceperit:

113 1872 188 1930 hanc
214 1872 365 1949 ingratam,
386 1873 411 1930 si
438 1873 569 1932 eiecerit:
597 1873 739 1945 miseram,
755 1873 780 1932 si
806 1872 952 1932 amiseritl

114 1951 171 2010 Sed
191 1950 257 2009 finis
277 1951 331 2011 sit:
352 1971 445 2030 neque
465 1953 542 2011 enirn
562 1972 635 2031 prae.
650 1953 775 2012 lacrimis
794 1952 852 2011 iam
873 1952 954 2030 loqui

113 2050 240 2109 possum,
252 2039 281 2090 et
296 2032 344 2090 hic
365 2052 395 2090 se
414 2032 538 2091 lacrimis
558 2033 677 2092 delendi
697 2040 783 2091 vetat
818 2032 882 2091 Vos
902 2051 953 2090 oro

114 2110 306 2190 obtestorque,
321 2111 437 2183 iudices,
449 2119 482 2170 ut
501 2112 533 2170 in
553 2113 703 2172 sententiis
723 2111 859 2184 ferendis,
875 2111 954 2190 quod

114 2192 250 2264 sentietin,
266 2192 297 2249 id
313 2191 448 2250 audeatis.
490 2191 624 2252 Vestram
642 2193 787 2264 virtutem,
802 2191 952 2263 iustitiam,

113 2270 209 2342 fidem,
221 2271 294 2329 mihi
310 2271 425 2342 credite,
437 2271 462 2329 is
477 2273 602 2331 maxime
618 2271 760 2349 probabit,
773 2272 825 2350 qui
837 2272 867 2330 in
881 2270 955 2328 iudi·
1031 2266 1034 2271 ’

113 2350 194 2408 cibus
207 2351 336 2448 legendis
352 2351 496 2428 optimum
512 2359 542 2411 et
555 2351 798 2431 sapientissimum
815 2358 845 2410 et
858 2351 954 2410 fortis·

114 2430 219 2489 simum
233 2449 375 2510 quemque
389 2429 484 2510 elegit.
