2240 3418
407 139 485 188 CAP.
502 137 629 200 ιζ’-Ἧι,
646 136 765 200 5'14-20.
965 142 1014 191 *195

176 238 241 297 dam
255 237 401 297 calamitas
414 235 547 298 incidisse
561 237 674 298 videtur
690 238 909 317 et'improvidas
922 239 1015 298 homi-

174 338 244 376 num
258 325 369 396 mentes
386 319 575 396 occupavisse,
588 327 621 376 ut
634 339 720 377 nemo
734 320 832 378 mirari
846 320 950 379 debeat
963 321 1015 378 hu·

173 417 259 456 mana
274 397 393 456 consilia
409 398 506 455 divina
521 400 689 457 necessitate
706 419 766 457 esse
783 408 922 478 superata.
967 406 1012 458 18.

174 477 271 536 Liceat
281 497 342 535 esse
355 478 489 536 miseros:
510 498 683 556 quamquam
697 479 752 536 hcc
763 480 870 537 victore
885 499 1013 538 essenon
1089 513 1092 520 ·

174 577 332 634 possumus.
365 556 423 615 Sed
433 577 491 614 non
502 558 604 635 loquor
617 558 653 616 de
667 557 767 617 nobis:
789 558 825 616 de
836 559 892 617 iliis
902 559 1013 637 loquer,
1043 566 1046 572 '

130 703 132 708 η
174 637 224 713 qui
238 637 411 696 ceciderunt.
448 637 565 696 Fuerint
578 638 685 716 cupidi,
697 639 806 696 fuerint
819 639 893 711 irati,
905 640 1015 697 fuerint

173 717 350 793 pertinaces:
376 717 487 775 sceleris
506 737 574 796 vero
598 719 724 790 erimine,
740 719 853 790 furoris,
869 719 1014 796 parricidii

173 795 257 854 liceat
271 796 323 854 On.
331 796 473 874 Pompeio
486 805 610 870 mortue,
623 798 706 856 liceat
721 789 821 856 mustis
835 799 898 856 aliis
911 818 1012 857 carere.
1087 816 1097 836 ·

174 874 296 945 Quando
311 877 366 934 hoc
380 876 530 955 quisquam
547 897 582 936 ex
596 884 633 949 te,
644 877 757 950 Caesar,
768 879 888 950 audivit,
901 886 951 937 aut
964 886 1015 936 tua

174 955 245 1032 quid
254 956 332 1014 aliud
342 976 421 1014 arma
430 957 582 1015 voluerunt
592 958 649 1015 nisi
663 977 680 1015 a
693 965 722 1016 te
736 959 940 1017 contumeliam
951 979 1015 1036 pre

173 1035 303 1113 pulsaret
343 1035 421 1104 Quid
437 1037 498 1114 egit
513 1044 580 1095 tuus
597 1038 721 1096 invictus
741 1039 889 1111 exercitus,
905 1039 961 1096 nisi
981 1045 1015 1096 ut

174 1135 255 1173 suum
273 1116 318 1174 ius
334 1123 462 1174 tueretur
482 1123 511 1175 et
528 1117 699 1195 dignitatem
716 1121 815 1176 tuam?
855 1118 951 1187 Quid?
971 1125 1012 1190 tu,

173 1214 239 1252 cum
256 1215 355 1272 pacem
376 1216 436 1254 esse
453 1197 595 1274 cupiebas,
610 1197 679 1255 idne
699 1198 810 1276 agebas,
825 1205 859 1256 ut
874 1198 930 1256 tibi
948 1218 1013 1256 cum

174 1275 322 1348 sceleratis,
334 1295 370 1333 an
384 1283 418 1334 ut
432 1297 499 1335 cum
513 1276 597 1334 bonis
613 1277 722 1335 civibus
739 1279 904 1337 conveniret
914 1279 932 1336 ι’
966 1283 1012 1336 19.

174 1354 247 1413 Mihi
267 1375 342 1428 vero,
354 1356 465 1428 Caesar,
477 1363 529 1415 tua
547 1358 578 1414 in
599 1377 646 1415 me
666 1358 792 1415 maxima
810 1359 914 1416 merita
933 1365 1014 1416 tanta

173 1441 248 1493 certe
269 1455 328 1492 uon
344 1437 516 1509 viderentur,
532 1437 556 1494 si
567 1456 620 1494 me
635 1444 669 1495 ut
685 1437 851 1496 sceleratum
870 1457 887 1495 a
903 1444 932 1495 te
948 1457 1014 1496 ecn-

174 1521 316 1572 servatum
329 1523 468 1593 putarem.
510 1515 576 1586 Quo
590 1517 678 1575 modo
693 1525 789 1575 autem
803 1524 836 1576 tu
850 1517 886 1576 de
899 1537 929 1575 re
942 1513 1014 1595 pulev

172 1593 228 1652 lica
243 1595 316 1654 bene
332 1597 451 1654 meritus
468 1616 551 1668 esses,
564 1616 630 1654 cum
645 1603 692 1655 tot
710 1596 860 1655 sceleratos
875 1597 1013 1656 incolumi

173 1673 315 1751 dignitate
335 1694 395 1733 esse
413 1676 568 1735 voluisses?
609 1676 804 1734 Secessionem
821 1684 855 1735 tu
873 1677 951 1735 illam
968 1691 1014 1735 ex*
1082 1745 1091 1751 q

173 1753 345 1826 istimavisti‚
356 1754 466 1828 Caesar,
481 1757 574 1828 initio,
589 1775 648 1814 non
667 1756 781 1828 bellum,
796 1775 889 1834 neque
908 1756 1013 1815 hostile

174 1834 282 1906 odium,
293 1836 343 1892 sed
353 1834 435 1892 civile
446 1835 608 1907 discidium,
618 1836 746 1912 utrisque
757 1836 938 1914 cupientibus
952 1856 1013 1894 rem

173 1913 317 1990 publicam
335 1913 448 1986 salvam,
461 1915 511 1972 sed
525 1915 630 1992 partim
644 1915 779 1986 consiliis,
790 1917 895 1993 partim
911 1916 1013 1974 studiis

174 2012 192 2050 a
211 1994 357 2051 communi
374 1994 500 2052 utilitate
520 1994 723 2052 aberrantibus.
766 1995 934 2072 Principum
952 1995 1013 2072 dig-

173 2073 249 2129 nitas
272 2080 332 2131 erat
353 2092 444 2151 paene
467 2094 526 2151 par,
542 2093 601 2131 non
625 2093 677 2150 par
698 2073 818 2132 fortasse
839 2093 946 2146 comm,
963 2075 1012 2151 qui

174 2151 380 2229 sequebantur:
402 2173 487 2211 causa
502 2161 566 2211 tum
582 2153 678 2224 dubia,
691 2153 769 2229 quod
783 2159 843 2211 erat
859 2153 968 2230 aliquid
982 2155 1012 2211 iu

173 2239 294 2309 utraque
309 2239 390 2309 parte
408 2233 486 2310 quod
502 2233 617 2310 probari
632 2239 746 2310 posset:
767 2251 843 2289 nunc
861 2233 964 2290 melior
979 2252 1013 2290 ea

173 2310 326 2369 iudicanda
342 2319 393 2383 est,
406 2331 491 2390 quam
512 2313 599 2371 etiam
620 2312 650 2369 di
669 2312 845 2370 adiuverunt.
887 2310 1013 2389 Cognita

173 2409 240 2448 vero
262 2391 413 2450 clementia
428 2399 479 2449 tua
495 2393 559 2469 quis
579 2411 638 2449 non
654 2409 718 2449 cam
733 2391 883 2449 victoriam
899 2391 1011 2469 probet,

173 2469 204 2526 in
220 2490 276 2548 qua
290 2471 425 2530 occiderit
439 2491 524 2530 nemo
538 2471 593 2529 nisi
607 2472 750 2529 armatusi
1009 2491 1011 2496 ¹

175 2587 177 2589 -
214 2550 282 2609 VIL
319 2557 366 2609 20.
389 2550 447 2609 Sed
472 2558 505 2609 ut
528 2551 662 2609 omittam
684 2570 866 2609 communem
888 2570 1011 2622 causam,

174 2629 322 2687 veniamus
335 2630 373 2688 ad
386 2637 521 2689 nostram.
556 2630 664 2690 Utrum
679 2631 795 2688 tandem
813 2631 958 2688 existimas
972 2630 1013 2687 fa·

174 2708 256 2766 cilius
279 2710 376 2782 fuisse,
391 2710 513 2790 Tubm,
529 2709 675 2787 Ligarium
697 2729 732 2768 ex
753 2710 854 2768 Africa
876 2710 952 2768 exire
975 2728 1012 2767 an

173 2789 271 2846 resin
288 2789 419 2847 Africam
436 2809 494 2847 non
511 2790 625 2848 veniret
666 2789 879 2860 Poteramusnc‚
891 2789 1011 2865 inquies,

174 2887 241 2925 cum
252 2876 365 2927 senatus
376 2869 530 2927 censuisset
538 2866 557 2926 i*
578 2868 610 2926 si
620 2888 667 2926 me
678 2868 809 2940 consulis,
821 2869 900 2926 nullo
914 2867 1011 2925 mode.

153 2957 157 2962 '
174 2947 233 3005 Sed
246 2955 343 3006 tamen
353 2948 500 3025 Ligarium
514 2956 628 3007 senatus
642 2948 719 3006 idem
733 2948 882 3026 legaverat
914 2947 1013 3024 Atque

173 3026 221 3084 ille
242 3047 276 3085 eo
297 3034 426 3105 tempore
447 3028 549 3106 paruit,
565 3047 630 3085 eum
651 3046 749 3104 parere
769 3027 880 3085 senatui
895 3045 1012 3084 ¹necesse

173 3113 250 3164 erat:
272 3127 323 3165 vos
333 3116 402 3165 tune
413 3107 554 3184 paruistis,
564 3127 629 3164 eum
640 3107 736 3184 paruit
746 3124 839 3178 neme,
851 3107 899 3184 qui
910 3106 1010 3163 noluit.

74 3229 83 3242 .
174 3183 478 3263 Reprehendoigituri
505 3186 624 3266 Minime
633 3205 707 3244 vero.
737 3184 838 3263 Neque
846 3185 1012 3244 enim-licuit
