2262 3412
115 137 147 184 18
222 136 273 185 Du
286 135 438 186 IMPERIO
456 135 679 187 euronium
696 137 840 190 ORATIO.

114 235 235 313 imperia
257 236 393 294 mandata
419 243 504 314 atque
528 237 668 296 exercitus
691 257 751 296 esse
775 240 961 302 commissos?

115 315 181 372 Fuit
202 315 278 373 euim
299 317 430 394 profecto
451 317 621 394 quibusdam
642 319 762 376 summis
782 319 849 377 viris
870 340 954 399 quae·

115 394 181 451 dam
198 395 235 453 ad
251 394 470 472 amplitudinem
488 403 517 454 et
530 397 567 454 ad
580 397 702 474 gloriam
718 405 747 456 et
763 399 859 456 adres
874 421 952 478 mag-

114 493 165 531 nas
180 473 254 532 bene
273 475 411 552 gerendas
428 476 566 534 divinitus
586 477 720 534 adiuncta
740 479 863 536 fortuna
906 480 952 538 De

114 552 199 611 huius
213 561 309 612 autem
323 555 448 612 hominis
461 555 606 629 felicitate,
619 556 655 614 de
669 576 726 636 quo
740 576 817 615 nuno
830 560 950 636 agimus,

114 632 168 690 hae
181 640 245 691 utar
258 634 454 693 moderatione
468 634 591 707 dicendi,
606 655 665 694 non
680 637 755 694 utin
769 637 846 695 illius
859 646 953 716 potes·

114 719 173 771 tate
189 714 336 771 fortunam
352 715 476 791 positam
493 735 553 774 esse
570 716 672 788 dicam,
688 715 738 774 sed
753 724 787 775 ut
799 719 953 794 praeterita

5 793 7 804 '
113 793 285 864 meminisse,
301 793 412 872 reliqua
431 813 542 871 sperare
562 795 716 868 videamur,
735 815 771 854 ue
791 803 841 854 aut
861 797 952 855 invisa

114 872 159 929 dis
172 873 382 930 immortalibus
393 874 484 933 oratio
497 881 594 932 nostra
604 882 654 932 ant
664 875 776 952 ingrata
789 895 849 934 esse
859 877 953 935 videa·

114 959 168 1010 tur.
183 973 185 976 ·
211 957 258 1010 48.
274 951 374 1030 Itaque
391 972 450 1010 nou
466 973 529 1012 sum
543 955 756 1032 praedicaturum
771 963 891 1033 quantas
903 956 958 1014 ille

114 1051 144 1090 re
160 1031 241 1090 domi
257 1033 385 1104 militiae,
396 1039 471 1091 terra
486 1035 623 1111 marique,
636 1033 797 1112 quantaque
814 1035 952 1094 felicitate

113 1113 240 1188 gesserit,
252 1119 285 1170 ut
299 1113 360 1170 eius
373 1131 485 1190 semper
494 1113 689 1172 voluntatibus
701 1133 760 1172 non
773 1113 862 1172 modo
877 1115 952 1174 cives

114 1191 297 1263 adsenserint,
314 1192 384 1250 soeii
401 1192 632 1271 obtemperarint,
644 1193 742 1252 hostes
762 1194 950 1267 oboedierint,

114 1270 268 1328 sedetiam
282 1272 360 1329 venti
380 1279 621 1351 tempestatesque
638 1273 875 1333 obsecundarint:
896 1275 951 1333 hoo

113 1349 278 1410 brevissime
295 1352 397 1423 dicam,
412 1352 556 1410 neminem
572 1373 710 1430 umquam
726 1360 786 1411 tam
803 1355 952 1434 impuden·
1045 1419 1048 1424 ,

113 1436 173 1488 tem
187 1430 283 1512 fuisse,
296 1432 346 1508 qui
362 1431 457 1489 abelis
471 1432 680 1490 immortalibus
696 1439 742 1491 tot
755 1440 784 1491 et
797 1441 892 1492 tantas
907 1453 952 1492 res

113 1510 217 1568 taoitus
236 1511 353 1570 auderet
368 1518 475 1589 optare,
487 1519 559 1588 quot
577 1519 606 1570 et
622 1521 742 1590 quantas
760 1513 791 1570 di
807 1513 953 1571 immorta-

113 1589 154 1648 les
170 1589 208 1646 ad
221 1589 274 1648 On.
284 1589 457 1667 Pompeium
471 1591 641 1650 detulerunt.
680 1591 766 1660 Quod
780 1599 814 1650 nt
830 1593 872 1650 illi
887 1613 953 1670 pro·

113 1671 209 1747 prium
223 1689 255 1727 ae
268 1677 439 1747 perpetuum
454 1671 499 1742 sit,
509 1670 641 1743 Quirites,
654 1690 719 1729 oum
734 1673 895 1730 eommunis
911 1693 953 1730 sa-

113 1749 181 1807 lutis
200 1756 285 1826 atque
301 1751 415 1827 imperii
431 1757 495 1808 tum
510 1747 600 1828 ipsius
618 1751 744 1811 hominis
760 1771 852 1826 eausa,
867 1752 951 1811 siouti

112 1829 216 1902 facitis,
228 1829 299 1887 velle
313 1837 342 1888 et
356 1837 455 1907 optare
468 1830 586 1890 debetis.

154 1916 200 1968 49.
217 1909 310 1978 Quare
331 1929 396 1967 oum
415 1917 445 1968 et
462 1909 569 1968 bellum
587 1911 629 1969 ita
648 1911 686 1969 sit
706 1912 903 1984 necessarium,
918 1919 952 1970 ut

113 1989 221 2067 negligi
238 2009 296 2046 non
312 1990 412 2068 possit,
424 1989 465 2047 ita
480 1999 671 2068 magnumut
687 1993 897 2051 accuratissime
914 1993 951 2050 sit

113 2069 379 2141 administrandum,
397 2076 427 2128 et
446 2089 511 2128 oum
530 2071 558 2128 ei
578 2071 779 2148 imperatorem
799 2071 951 2150 praeficere

113 2150 237 2226 possitis,
253 2151 283 2207 in
305 2169 362 2227 qno
383 2149 422 2207 sit
445 2150 550 2208 eximia
569 2149 636 2208 belli
657 2152 782 2223 seientia,
800 2152 951 2229 singularis

113 2228 210 2300 virtus,
226 2229 381 2287 clarissima
394 2230 555 2302 auotoritas,
570 2231 685 2308 egregia
704 2231 828 2303 fortuna,
840 2231 951 2290 dubita·

113 2308 159 2380 tis,
174 2309 307 2382 Quirites,
323 2311 392 2388 quin
413 2309 468 2368 hoe
488 2314 601 2367 tantum
622 2310 700 2382 boni,
716 2311 896 2387 quod-vobis
914 2311 951 2369 ab
996 2361 997 2365 ,

114 2388 159 2445 dis
171 2389 381 2448 immortalibus
395 2390 524 2448 oblatum
538 2397 567 2448 et
581 2389 681 2448 datum
695 2397 746 2462 est,
762 2390 793 2446 in
805 2410 866 2448 rem
879 2391 951 2468 pub·

113 2466 197 2525 lisam
208 2471 428 2528 conservandam
440 2477 525 2548 atque
539 2469 768 2548 amplificandam
779 2471 951 2529 conferatisl

113 2547 212 2606 XVII.
248 2555 294 2607 50.
312 2548 398 2618 Quod
417 2551 441 2607 si
459 2550 568 2608 Romae
585 2549 638 2608 Cn.
651 2549 808 2628 Pompeius
823 2551 951 2627 privatus

114 2634 187 2685 esset
200 2627 256 2686 hoe
272 2635 409 2706 tempore,
421 2637 517 2688 tamen
539 2631 576 2688 ad
592 2636 705 2688 tantum
723 2629 829 2688 bellum
850 2630 875 2687 is
891 2637 951 2688 erat

88 2749 89 2754 κ
114 2706 281 2784 deligendus
301 2716 387 2787 atque
406 2710 580 2768 mittendus:
603 2730 679 2768 nune
700 2729 766 2768 oum
787 2709 824 2767 ad
845 2716 951 2768 ceteras

114 2806 239 2845 summas
259 2788 397 2847 utilitates
413 2789 483 2848 haee
500 2809 614 2869 quoque
635 2790 836 2868 opportunitas
853 2789 951 2847 adiun-

113 2873 205 2944 getur,
217 2875 250 2926 ut
263 2868 293 2925 in
308 2869 343 2926 iis
356 2869 426 2946 ipsis
439 2869 509 2928 loeis
523 2870 605 2942 adsit,
620 2876 653 2927 ut
666 2858 772 2928 habeat
785 2870 949 2942 exereitum,
998 2871 1002 2882 ’

113 2954 146 3004 ut
160 2947 195 3005 ab
210 2948 252 3020 iis,
265 2949 315 3026 qui
328 2948 443 3021 habent,
455 2950 581 3027 aeeipere
595 2950 692 3007 statim
709 2950 809 3027 possit,
822 2950 892 3027 quid
906 2967 951 3006 ex·

113 3030 293 3103 spectamus?
316 3034 366 3086 aut
386 3048 436 3086 eur
455 3049 514 3086 non
535 3029 656 3086 ducibus
676 3029 721 3087 dis
741 3029 951 3088 immortalibus

113 3106 215 3179 eidem,
226 3108 272 3165 oui
283 3113 376 3165 cetera
386 3127 497 3165 summa
507 3128 573 3166 eum
584 3109 674 3168 salute
684 3109 865 3187 reipublicae
875 3128 951 3167 eom·

112 3186 199 3246 missa
206 3194 282 3259 sunt,
293 3186 349 3245 hoo
360 3205 473 3265 quoque
480 3188 587 3246 bellum
598 3190 709 3266 regium
720 3185 956 3254 committamusl
