2240 3418
305 91 668 198 ‘cnanxxrn-xun,
683 132 698 196 s
714 134 859 187 roaros:
899 140 904 146 ·
962 136 1010 187 sss

170 235 236 315 quis
260 235 371 294 venisse
391 235 483 293 dicit!
510 235 575 312 quis
596 234 708 292 hastam
730 236 814 294 istius
834 235 1010 294 venditionis

168 316 259 374 vidit!
276 316 340 392 quis
351 333 450 374 vocem
461 315 609 394 praeconis
620 315 746 374 audivit!
777 315 889 374 Misisse
899 322 929 373 te
938 314 1010 373 dicis

169 395 378 454 Alexandream
401 395 450 472 qui
473 401 618 453 emereta
640 395 766 453 Caesare.
809 395 909 473 Ipsum
932 395 1009 453 enim

169 483 330 553 exspectare
344 493 482 553 magnum
492 475 557 532 fuit.
592 479 657 532 104.
669 473 741 543 Quis
752 494 817 533 vero
828 475 938 533 audivit
948 494 1010 532 um-

170 554 401 632 quam-nullius
417 561 514 612 autem
535 553 610 612 salus
629 573 713 612 curae
728 554 858 632 pluribus
874 554 1008 612 fuit-de

168 634 441 692 fortunisVarronis
454 653 514 693 rem
528 633 615 693 ullam
631 653 692 693 esse
705 635 881 693 detractam!
912 633 1009 703 Quid!

169 715 193 772 si
210 715 296 772 etiarn
313 715 426 793 scripsit
440 714 477 773 ad
490 721 519 773 te
534 715 637 772 Caesar
653 721 686 772 ut
702 714 842 787 redderes,
855 714 926 792 quid
939 715 1008 772 satis

168 801 264 872 potest
283 794 340 852 dici
357 795 394 852 de
412 801 494 852 tanta
510 794 709 873 impudentia!
749 795 876 853 Remove
896 793 1008 872 gladios

168 890 322 952 parumper
340 874 413 947 illos,
425 895 497 952 quos
516 875 662 933 videmus:
683 875 742 932 iarn
758 874 902 952 intelliges
922 873 1007 932 aliam

169 972 282 1012 causam
306 974 367 1012 esse
387 955 485 1013 hastae
506 955 643 1027 Caesaris,
657 955 742 1013 aliam
767 954 957 1013 confidentiae
976 961 1007 1012 et

168 1034 337 1105 temeritatis
352 1041 426 1092 tuae.
470 1034 537 1093 Non
554 1035 630 1092 enirn
648 1043 677 1094 te
694 1035 829 1093 dominus
845 1035 933 1093 modo
950 1033 1007 1092 illis

169 1113 291 1186 sedibus,
301 1113 352 1172 sed
362 1114 456 1192 quivis
469 1115 586 1187 amicus,
594 1114 712 1185 vicinus,
719 1115 832 1192 hospes,
840 1120 1008 1193 procurator

168 1193 283 1252 arcebit.
324 1193 402 1252 XLI.
417 1194 460 1252 At
474 1213 560 1274 quam
577 1195 684 1252 multos
700 1196 761 1253 dies
774 1195 805 1252 in
822 1214 856 1253 ea
869 1193 936 1251 villa
949 1201 1007 1253 tur

168 1273 284 1350 pissime
299 1280 342 1332 est
355 1273 576 1353 perbacchatus!
612 1274 659 1332 Ab
671 1275 741 1333 hora
751 1275 836 1334 tertia
845 1272 1005 1347 bibebatur,

167 1353 326 1426 ludebatur,
342 1353 518 1434 vomebatur.
557 1354 587 1414 Ο
608 1362 685 1413 tecta
706 1356 769 1433 ipsa
791 1354 902 1426 misera,
918 1373 1006 1428 quarn

168 1433 279 1508 dispari
295 1433 432 1492 domino!
467 1433 647 1512 Quamquam
664 1454 721 1513 quo
738 1433 826 1492 modo
843 1435 897 1492 iste
916 1433 1007 1491 dorni-

166 1515 240 1572 nns!
274 1513 331 1572 Sed
341 1521 436 1572 tamen
452 1533 538 1594 quarn
552 1515 588 1572 ab
602 1515 709 1592 dispari
718 1514 907 1572 tenebanturl
942 1513 1007 1572 Stu-

167 1593 282 1651 diorum
306 1593 383 1651 enim
408 1613 524 1652 suorum
544 1594 638 1653 Varro
659 1594 750 1652 voluit
769 1593 849 1666 illud,
864 1613 923 1652 uon
944 1592 1007 1651 libi-

77 1689 80 1698 *
167 1673 270 1731 dinum
291 1673 492 1732 deversorium.
513 1673 518 1684 “
535 1679 603 1733 105.·
617 1673 697 1743 Quae
717 1675 748 1732 in
769 1673 818 1733 illa
835 1673 903 1732 villa
922 1680 1007 1732 antea

168 1752 350 1811 dicebantur!
372 1772 444 1831 quae
457 1753 674 1831 cogitabantur!
695 1774 768 1834 quae
778 1755 881 1814 litteris
890 1753 1007 1812 manda·

167 1831 287 1891 bantur!
321 1832 388 1891 Iura
400 1833 501 1910 populi
515 1833 648 1907 Romani,
657 1839 845 1894 monumenta
854 1834 1005 1906 maiorum,

69 1923 72 1928 '
168 1912 262 1970 omnis
276 1912 432 1989 sapientiae
445 1913 519 1971 ratio
532 1914 683 1991 omnisque
697 1915 851 1973 doctrinae.
886 1915 929 1972 At
939 1934 1006 1974 vero

167 1998 196 2049 te
207 1992 448 2069 inquilino—non
459 1992 536 2050 enim
547 1993 898 2071 domino—personabant
909 1995 1007 2053 omnia

146 2071 150 2078 ’
167 2071 285 2130 vocibus
299 2071 459 2148 ebriorum:
480 2072 618 2130 natabant
627 2073 792 2149 pavimenta
805 2073 890 2131 vino:
911 2074 1006 2132 made

167 2150 391 2229 bantparietes:
413 2152 531 2230 ingenui
551 2152 633 2230 pueri
649 2171 715 2210 cnm
735 2153 897 2223 meritoriis,
913 2159 1007 2212 scorta

166 2231 242 2289 inter
255 2238 359 2290 matres
369 2231 494 2289 familias
504 2231 695 2290 versabantur.
731 2231 837 2290 Casino
851 2232 1006 2291 salutatum

167 2311 327 2383 veniebant,
337 2311 465 2390 Aquino,
475 2312 646 2371 Interamna
687 2311 840 2370 Admissus
853 2318 897 2370 cst
910 2331 1005 2372 nemo.

167 2389 233 2448 Iure
248 2390 280 2448 id
296 2391 422 2468 quidem.
463 2390 499 2448 In
515 2390 633 2450 homine
648 2391 726 2449 enim
740 2391 907 2469 turpissimo
923 2391 1007 2450 obsc-

167 2469 300 2528 lefiebant
310 2471 461 2548 dignitatis
471 2467 606 2548 insignia
643 2477 708 2530 106.
719 2471 794 2530 Cum
804 2471 871 2530 inde
882 2471 1006 2530 Romam

166 2549 348 2628 proficiscens
365 2551 402 2608 ad
418 2550 567 2628 Aquinum
586 2551 740 2624 accederet,
752 2551 790 2610 ob
806 2552 882 2610 viam
900 2552 926 2610 ei
942 2570 1007 2629 prc-

167 2630 261 2702 cessit,
273 2637 306 2688 ut
320 2637 364 2688 est
377 2631 512 2708 frequens
526 2632 725 2710 municipium,
736 2651 842 2709 magna
853 2651 921 2692 sane
935 2631 1007 2690 mul-

160 2709 271 2768 titude.
307 2709 348 2768 At
359 2710 412 2769 iste
427 2717 527 2788 operta
540 2711 642 2769 lectica
650 2711 724 2770 latus
737 2730 789 2790 per
802 2712 942 2790 oppidum
953 2718 1005 2785 est,

167 2796 200 2846 ut
221 2796 360 2848 mortuus.
403 2789 497 2848 Stulte
517 2791 697 2868 Aquinates:
722 2791 773 2850 sod
792 2797 889 2850 tamen
909 2791 938 2849 in
960 2791 1007 2849 via

166 2867 343 2927 habitabant.
376 2868 453 2939 Quid
464 2869 630 2948 Anagnini!
660 2870 726 2943 Qui,
735 2891 801 2930 cnm
816 2878 909 2930 essent
920 2871 1004 2944 devii,

167 2948 383 3020 descenderunt,
396 2957 428 3007 nt
444 2949 540 3021 istum,
552 2957 700 3028 tamquam
721 2951 745 3008 si
765 2957 847 3022 esset,
859 2951 1024 3009 consuleru-

167 3027 330 3087 salntarent
367 3027 537 3086 Incredibile
553 3029 642 3101 dictu,
654 3031 704 3089 sed
717 3027 808 3088 nihilo
822 3031 918 3089 minus
931 3031 1006 3090 inter

168 3126 269 3166 omnes
283 3107 432 3166 constabat
445 3109 590 3166 neminem
604 3129 664 3168 esse
678 3109 871 3180 resalutatum‚
882 3129 1006 3188 praeser-

166 3186 223 3247 tim
239 3206 305 3246 cum
325 3187 399 3246 duos
419 3187 701 3267 secumnnrgninos
716 3189 841 3263 haberet,
853 3189 1005 3250 Mustelam
