2262 3418
124 135 187 189 ttt·
263 132 334 185 PRO
350 134 381 184 Τ.
395 133 509 190 ANNIO
525 135 824 187 mortuorunm.

124 231 241 285 ¹clariores
258 232 326 280 viros
344 246 424 295 neque
446 233 582 284 sanctiores
600 234 738 297 propositos
756 249 812 284 esse
830 236 964 286 coenaret:

125 298 188 345 Post
196 296 263 359 quod
275 299 359 346 statim
370 312 435 354 trova
445 297 500 358 lego
509 298 572 347 Milo
583 299 723 362 postulatus
734 309 772 348 est
782 315 798 348 a
808 299 904 350 dnobus
912 302 968 366 Ap—

124 361 173 424 piis
186 361 299 410 Clandiis
315 362 522 423 adolescentibus,
534 364 632 424 iisdem,
643 380 660 413 a
675 365 765 427 quibua
780 375 856 414 antea
871 366 968 415 familia

124 427 178 474 eius
186 425 268 474 fuerat
279 427 411 489 postulata,
418 427 528 491 itemque
538 429 571 477 de
581 430 678 478 ambitu
689 431 721 479 ab
733 429 822 480 iisdem
833 431 931 494 Appiis,
940 441 967 480 et

125 499 254 554 praeterea
265 507 280 539 a
292 492 321 542 C.
329 492 416 542 Ceteio
427 502 454 542 et
466 494 689 556 notissimique
702 495 826 544 sodaliciis
839 512 856 544 a
868 497 899 546 P.
908 496 967 544 Ful-

126 556 166 604 vio
184 557 285 607 Nerato.
320 557 466 606 Postulatus
486 569 571 608 autem
590 568 644 608 erat
660 569 685 610 et
700 559 732 610 de
748 561 873 610 sodaliciis
892 561 967 610 etde
992 603 996 608 .

125 621 222 671 ambitu
238 637 269 671 ea
285 637 336 684 epe,
347 622 414 686 quod
427 624 536 686 primum
549 625 668 676 iudicium
682 625 713 674 de
726 626 750 674 vi
764 626 874 675 futurum
890 641 967 689 appa·

126 687 204 748 rebat,
214 702 263 751 quo
274 702 331 736 eum
343 688 487 738 damnatum
500 689 530 738 iri
541 691 699 740 confidebant
710 705 756 739 trec
767 699 854 754 postea
864 705 967 754 respou-
1046 751 1050 755 ,

126 768 219 802 eurum.
256 753 387 802 Divinatio
404 754 435 804 de
452 755 548 805 ambitu
565 768 739 806 accusatomm
752 757 819 804 facta
835 765 874 806 est
890 771 967 820 qnae·

126 818 202 866 sitoro
218 818 252 868 A.
262 819 398 882 Torquato,
412 831 488 883 atque
507 821 582 869 ambo
601 821 762 884 quaesitores,
775 822 919 885 Torquatus
939 832 966 871 et

126 883 263 944 Domitius,
275 883 354 946 pridie
369 885 454 933 Nonas
468 886 548 949 April.
560 901 631 936 reum
644 887 732 936 edesse
744 887 878 936 iusserunt.
909 887 967 947 Quo

126 948 168 997 die
178 948 239 996 Milo
247 949 280 998 ad
289 949 395 998 Domitii
404 950 512 1000 tribunal
523 952 641 1011 renitad
648 953 770 1015 Torquati
778 953 872 1002 amicos
880 953 963 1001 misit:

126 1014 160 1062 ibi
175 1014 316 1077 postulante
329 1029 374 1077 pro
389 1030 420 1064 eo
433 1016 469 1065 Μ.
480 1016 600 1066 Marcello
612 1018 729 1078 obtinuit,
739 1031 771 1066 rte
783 1019 851 1080 prius
864 1033 967 1066 cauum

127 1079 158 1128 de
178 1079 272 1128 ambitu
293 1079 387 1129 diceret
407 1096 482 1144 quam
504 1082 537 1130 de
552 1083 577 1130 vi
594 1082 713 1131 indicium
734 1091 799 1132 esset
816 1083 962 1146 perlectum.

126 1144 203 1206 Apud
212 1145 353 1194 Domitium
365 1156 450 1196 autern
461 1148 626 1210 quaesitorem
638 1148 718 1196 maior
725 1148 825 1211 Appius
833 1147 968 1211 postulavit

126 1226 143 1262 a
156 1210 251 1259 Milone
267 1226 350 1270 servos
365 1211 478 1260 exhiberi
492 1227 597 1262 numero
609 1213 658 1263 IV.
667 1222 696 1262 et
707 1214 750 1274 L,
760 1222 787 1263 et
800 1229 857 1263 curu
870 1213 911 1262 ille
924 1228 968 1264 rre-

125 1285 198 1337 garet
211 1291 262 1336 eos,
274 1277 316 1339 qui
330 1278 523 1326 nominabuntur
535 1279 561 1326 in
576 1294 621 1328 sua
632 1288 755 1341 potestate
767 1294 829 1340 esse,
841 1279 967 1329 Domitius

126 1357 160 1390 ex
179 1343 303 1391 sententia
321 1342 431 1392 iudicum
447 1343 624 1406 pronuntiavit,
639 1354 667 1392 ut
687 1357 721 1393 ex
737 1359 864 1393 servorum
881 1357 968 1393 eorum

126 1422 230 1458 numero
242 1444 249 1456 .
264 1443 271 1458 .
286 1443 293 1456 .
308 1417 438 1456 accusator
448 1417 509 1471 quot
520 1407 593 1458 vellet
603 1409 696 1460 ederet.
726 1409 804 1458 Citati
815 1409 905 1458 deinde
918 1419 967 1458 tes-

126 1483 163 1522 tes
175 1473 311 1524 secundum
321 1473 409 1533 legem,
418 1483 525 1537 quae‚'ut
537 1474 735 1537 supradiximus,
743 1474 851 1531 iubebat,
858 1485 887 1524 ut
898 1475 968 1537 prius

126 1553 202 1602 quam
219 1554 294 1587 causa
314 1548 437 1599 ageretur,
450 1547 527 1588 testes
544 1554 589 1602 per
606 1539 716 1588 triduum
733 1540 887 1600 audirentur,
899 1539 968 1589 dicta

126 1619 211 1655 eorum
221 1603 314 1652 iudices
326 1603 511 1664 confirmarent,
520 1615 611 1667 quarta
620 1605 660 1653 die
671 1605 757 1654 adesse
768 1619 854 1654 omnes
862 1605 888 1654 in
900 1605 967 1655 diem

126 1678 254 1733 posterum
272 1670 421 1730 iuberentur,
435 1684 465 1718 ac
485 1684 570 1718 coram
587 1679 731 1720 accusatore
748 1685 778 1720 ao
795 1685 838 1720 reo
853 1670 926 1734 pilae,
939 1671 967 1720 itt

127 1736 217 1798 quibus
234 1735 336 1784 nomina
349 1733 460 1782 indicum
474 1734 593 1796 inscripta
606 1745 697 1796 essent,
708 1745 888 1800 aequarentur:
908 1735 968 1785 dein

126 1815 210 1849 rursus
224 1810 323 1862 postera
335 1799 376 1849 die
389 1799 486 1848 sortitio
499 1799 608 1848 iudicum
623 1801 701 1861 lieret,
713 1801 785 1850 unius
798 1809 824 1850 et
836 1801 945 1850 LXXX.
957 1818 964 1850 r

127 1868 170 1929 qui
181 1881 298 1915 uumerus
308 1881 365 1914 cum
379 1875 445 1914 sorte
454 1865 589 1926 obtigisset,
600 1865 647 1928 ipsi
658 1866 770 1928 protinus
779 1881 873 1915 sessum
884 1867 964 1916 irent:

127 1940 181 1991 tum
195 1931 229 1979 ad
247 1930 379 1980 dicendum
397 1939 526 1980 accusator
542 1931 604 1979 duas
620 1931 702 1992 horas,
716 1947 773 1980 reus
790 1941 840 1980 tres
854 1931 965 1993 haberet,

126 2011 232 2059 reusque
248 1996 336 2046 eodem
351 1997 391 2046 die
405 1996 448 2046 illo
461 1996 620 2055 iudicaretur,
631 1996 700 2058 prius
715 2007 809 2057 autern,
821 2011 897 2060 quam
911 2011 968 2046 serr·
1009 2053 1014 2060 ,

126 2062 221 2111 tentiae
236 2061 366 2123 fer-rentur,
376 2063 464 2126 quinos
477 2077 511 2110 ex
524 2061 627 2122 singulis
640 2062 768 2110 ordinibus
781 2071 918 2123 accusator,
929 2070 967 2110 to-

127 2127 205 2176 tidem
222 2141 278 2176 reus
294 2128 414 2189 reliceret,
424 2128 460 2176 ita
473 2136 501 2176 ut
515 2141 631 2175 numeras
647 2127 759 2176 iudicum
776 2127 964 2191 relinqueretur,

107 2237 119 2260 ,
127 2193 171 2256 qui
183 2194 318 2242 sententias
328 2194 430 2254 ferrent,
440 2193 622 2257 quinquaginta
632 2202 658 2240 et
669 2207 741 2242 unus.

159 2258 247 2307 Primo
261 2258 302 2308 die
318 2259 390 2308 datus
407 2268 461 2308 erat
474 2259 500 2307 in
514 2258 636 2308 Milonem
649 2258 721 2306 testis
735 2257 867 2308 Causinius
884 2257 966 2318 Scola,

127 2324 170 2386 qui
184 2339 211 2372 se
224 2339 281 2374 cum
293 2325 324 2373 P.
332 2324 421 2374 Clodio
434 2325 518 2385 fuisse,
529 2339 586 2372 cum
597 2323 619 2371 is
630 2323 725 2372 occisus
736 2332 809 2383 esset,
819 2323 892 2384 dixit,
901 2332 968 2372 atro·

127 2389 280 2453 citatumque
299 2390 335 2438 rei
352 2390 434 2440 iactae
451 2405 527 2453 quam
548 2389 658 2438 maxime
675 2389 755 2451 potuit
770 2388 850 2438 auxit.
887 2388 969 2450 Quem

127 2468 184 2502 cum
202 2455 354 2514 interrogare
368 2456 404 2505 M.
413 2455 546 2504 Marcellus
562 2453 690 2517 coepisset,
700 2461 770 2502 tauto
785 2453 895 2502 tumultu
910 2452 968 2502 Clo·

127 2519 218 2567 dianae
229 2519 396 2568 multitudinis
407 2520 590 2570 circumstantis
603 2519 738 2568 exterritus
751 2527 796 2579 est,
808 2527 836 2566 ut
847 2518 896 2566 vim
910 2518 968 2566 ulti-

127 2599 196 2633 mam
214 2585 304 2633 timens
320 2585 345 2633 in
363 2585 471 2634 tribunal
487 2601 504 2632 a
515 2585 627 2634 Domitio
644 2584 801 2647 reciperetur.
837 2583 920 2644 Quam
936 2583 969 2631 ob

127 2665 229 2698 causam
244 2649 376 2698 Marcellus
390 2658 416 2699 et
427 2650 479 2713 ipse
490 2650 554 2699 Milo
567 2667 582 2698 a
594 2649 707 2699 Domitio
721 2649 870 2712 praesidium
881 2648 969 2710 implo-

128 2724 253 2763 raverunt.
291 2715 398 2764 Sedebm
411 2730 440 2763 eo
454 2724 565 2778 ternpore
579 2716 625 2765 Cn.
636 2716 771 2780 Pompeius
788 2714 820 2764 arl
834 2713 966 2773 aerarium,

128 2781 335 2842 perturbatusque
343 2790 397 2829 erat
405 2779 493 2830 eodem
502 2781 544 2829 illo
554 2781 679 2830 clamore:
700 2781 784 2845 itaque
793 2779 905 2828 Domitio
913 2793 970 2841 pro-

128 2845 197 2892 misit
209 2859 236 2893 se
246 2856 345 2907 postero
356 2846 397 2894 die
411 2861 466 2894 curn
481 2846 604 2909 praesidio
618 2846 803 2905 descensurum,
815 2845 889 2908 idque
899 2844 968 2894 fecit.

129 2909 185 2970 Qua
197 2924 223 2960 re
236 2910 313 2962 territi
325 2910 438 2959 Clodiani
451 2911 549 2960 silentio
559 2911 635 2960 rerba
645 2912 746 2960 testium
757 2927 801 2974 pet·
812 2911 914 2960 biduum
926 2925 970 2958 au-

129 2974 178 3023 diri
191 2976 257 3038 passi
271 2985 336 3026 sunt.
373 2977 591 3038 interrogaverunt
605 2991 647 3026 eos
662 2977 698 3026 M.
708 2978 796 3026 Cicero
812 2989 838 3025 et
853 2977 889 3026 M.
900 2975 970 3024 Mar·-

129 3040 206 3089 cellus
223 3051 248 3090 et
266 3041 328 3090 Milo
345 3041 404 3104 ipse.
441 3041 517 3090 Multi
533 3057 566 3090 err
582 3042 621 3101 iis,
633 3043 677 3105 qui
693 3041 797 3090 Bovillis
815 3041 968 3100 babitabant,

130 3105 299 3154 testimoninm
310 3107 427 3160 dixerunt
436 3106 468 3154 de
479 3107 518 3166 iis,
526 3121 591 3169 quae
602 3107 636 3158 ibi
647 3107 714 3154 fricta
725 3118 810 3155 erant:
830 3120 970 3170 cauponem

128 3173 249 3246 occisum,
264 3172 393 3220 tabernam
410 3181 589 3240 expugnatam,
602 3171 788 3238 corpusClodii
804 3171 831 3220 in
844 3171 970 3234 publicum
