2240 3418
181 569 209 579 Ι,
332 491 809 557 remandaremus

242 638 336 717 rao
378 637 410 727 o.
438 600 657 720 LIGARIO
698 608 904 716 oarrro.

403 893 745 992 Aaeumu’uauar.
774 989 782 1004 ,

187 1041 217 1104 Q.
228 1041 345 1102 Ligarius
358 1049 424 1102 ante,
432 1055 508 1104 quam
519 1041 611 1089 bellum
625 1040 695 1090 civile
707 1042 773 1090 inter
786 1040 815 1091 Ο,
825 1041 958 1092 Caesarem
970 1049 995 1092 et

156 1107 204 1157 Cu.
214 1107 363 1168 Pompeium
379 1115 462 1154 ortum
476 1115 522 1166 est,
534 1106 565 1156 C.
575 1106 722 1154 Considium
738 1107 853 1167 Longum
867 1122 912 1170 pro
926 1122 996 1169 prae-

155 1181 208 1222 tore
224 1172 320 1232 legatus
339 1171 365 1220 in
385 1170 538 1234 provinciam
555 1171 670 1220 Africam
690 1180 787 1220 secutus
807 1179 868 1228 erat.
904 1173 931 1220 Ia
953 1173 996 1221 de-

155 1237 245 1288 cedens
263 1237 295 1285 de
314 1237 441 1300 provincia
460 1252 504 1285 sua
523 1237 657 1300 reliquerat
677 1236 702 1284 in
719 1235 807 1284 Africa
824 1236 854 1296 Q.
866 1237 996 1297 Ligarium

155 1317 262 1365 eumque
279 1302 418 1364 provinciae
432 1301 592 1365 praefecerat.
629 1301 694 1350 Cum
707 1301 801 1349 interea
815 1301 908 1349 bellum
925 1302 996 1350 civile

155 1378 271 1418 exortum
282 1375 355 1428 esset,
366 1369 410 1430 qui
421 1369 447 1415 in
458 1383 489 1416 ea
499 1366 625 1430 provincia
636 1367 748 1430 partibus
757 1365 804 1416 Cn.
815 1367 929 1430 Pompeii
943 1375 996 1416 atu-

156 1434 272 1494 duerant,
283 1433 459 1494 flagitaverunt
478 1449 494 1482 a
510 1432 541 1492 Q„
551 1432 660 1493 Ligario,
672 1441 701 1480 at
717 1431 770 1495 ipse
787 1446 887 1495 quoque
903 1432 996 1482 bellum

155 1499 274 1547 aduersus
292 1499 321 1547 C.
336 1499 470 1547 Caesarem
492 1499 629 1560 susciperet
650 1498 820 1561 Pompeioque
843 1496 996 1561 provinciam

156 1572 320 1613 conservaret.
351 1564 415 1612 Cum
426 1563 447 1612 is
459 1571 542 1612 tamen
552 1563 620 1612 nullo
632 1578 658 1612 se
669 1562 791 1626 implicari
802 1563 902 1624 negotio
910 1578 996 1625 passus

156 1637 229 1690 esset,
240 1629 270 1678 P.
279 1628 365 1677 Attius
374 1629 465 1690 Varus,
477 1643 551 1691 quem
563 1638 649 1677 contra
661 1629 690 1678 C.
699 1629 834 1678 Caesarem
846 1628 996 1678 militantem

156 1695 183 1742 in
195 1709 255 1756 agro
267 1694 359 1742 Piceno
369 1693 400 1742 ad
413 1694 554 1746 Auximum
565 1693 686 1755 cohortes,
698 1709 761 1758 quas
773 1695 886 1756 ducebat,
897 1695 997 1744 deseru-
1061 1751 1068 1764 .

156 1769 235 1820 erant,
245 1759 272 1806 in
280 1759 395 1807 Africam
405 1758 473 1807 venit
483 1767 509 1808 et
520 1761 652 1822 imperium
663 1759 779 1822 adripuit.
807 1760 925 1820 Quicum
938 1776 997 1824 pau·
1057 1767 1063 1780 ·

157 1825 193 1872 eis
206 1833 265 1872 ante
276 1824 347 1873 annis
358 1839 391 1872 ex
402 1833 519 1887 praetura
529 1840 586 1874 eam
596 1825 749 1888 provinciam
762 1825 915 1887 obtinuisset,
925 1826 997 1875 facile

157 1889 248 1938 dilectu
262 1889 347 1938 habito
364 1889 425 1938 duas
439 1889 547 1950 legiones
562 1889 651 1940 effecit.
683 1891 767 1952 Quam
780 1892 811 1939 ob
826 1906 878 1940 rem
894 1907 950 1940 curn
963 1893 993 1940 1..

157 1955 245 2003 Aelius
262 1955 369 2016 Tubero,
383 1955 423 2002 cui
441 1969 474 2002 ex
493 1963 593 2004 senatus
611 1956 723 2004 consulto
743 1965 809 2004 sorte
825 1970 855 2004 ea
871 1955 997 2018 provincia

158 2020 296 2080 obtigisset,
309 2020 336 2068 in
356 2019 470 2068 Africam
490 2021 593 2081 veniret,
608 2028 636 2068 ut
655 2021 808 2082 provinciam
827 2020 915 2082 adiret,
931 2037 947 2068 a
963 2022 993 2070 P.

158 2085 228 2134 Varo
241 2085 354 2134 exclusus
368 2094 406 2134 est
419 2086 491 2149 eique
503 2100 536 2134 no
549 2085 597 2133 hoc
607 2085 708 2148 quidem
720 2086 876 2148 permissum,
887 2094 914 2134 ut
928 2085 997 2135 infir·

157 2166 226 2204 mum
241 2150 319 2198 filium
334 2159 470 2214 exponeret
484 2160 559 2213 atque
572 2165 664 2214 aquam
677 2150 858 2213 hauriretque
874 2150 901 2198 in
913 2165 941 2199 re
954 2166 997 2211 ge-

158 2215 236 2264 reuda
243 2215 509 2276 RvarusQLrgarii,
517 2215 559 2278 qui
566 2215 661 2276 legatus
667 2214 693 2262 in
701 2214 826 2278 provincia
833 2224 994 2278 remanserat,

159 2296 234 2343 opera
250 2295 308 2329 usus
323 2288 369 2329 est.
406 2281 435 2329 L.
447 2281 533 2330 Aelius
550 2294 609 2328 cum
624 2289 690 2328 esset
706 2280 821 2329 exclusus
835 2280 922 2328 Africa
939 2295 997 2328 cum

158 2345 211 2394 filio
225 2361 269 2394 suo
280 2345 306 2393 in
320 2345 495 2394 Macedoniam
508 2359 535 2393 se
547 2345 687 2393 contulerat
700 2355 774 2408 atque
787 2345 813 2392 in
825 2345 871 2394 Cn.
882 2345 997 2408 Pompeii

159 2419 241 2459 castra
257 2418 410 2473 pervenerat,
423 2419 480 2472 post
496 2419 580 2458 autem
600 2424 685 2473 pugna
701 2409 853 2458 Pharsalica
864 2411 997 2458 commissa

158 2476 257 2524 veniam
268 2492 284 2523 a
295 2476 324 2525 C.
335 2476 442 2526 Caesare
453 2475 635 2538 impetraverat.
672 2474 702 2535 Q.
713 2473 829 2534 Ligarius
841 2475 937 2524 interea
947 2491 998 2524 ana

159 2555 218 2588 oum
229 2541 258 2590 C.
268 2541 386 2590 Considio
395 2541 446 2589 filio
457 2541 551 2603 proelio
559 2541 591 2588 ad
600 2540 729 2603 Thapsum
737 2539 804 2588 facto
812 2540 842 2599 in,
848 2548 997 2603 potestatem

160 2605 272 2654 Caesaris
284 2605 350 2668 apud
357 2606 525 2654 Adrumetanr
536 2613 687 2668 pervenerat,
697 2605 740 2668 qui
751 2620 809 2654 eum
822 2620 939 2654 concessa
946 2606 998 2655 vita

77 2699 80 2706 ·
160 2670 242 2719 solum
255 2679 350 2719 vertere
366 2670 445 2719 iussit.
481 2671 558 2720 Anno
570 2684 595 2732 p.
604 2685 628 2719 u.
638 2685 659 2718 c.
671 2671 727 2730 708,
738 2685 795 2718 curn
810 2670 899 2720 fratres
912 2671 997 2732 QLi-

159 2735 223 2796 garii
236 2735 263 2782 id
276 2745 425 2784 conarentur
437 2735 541 2803 efficere,
552 2743 580 2782 ut
592 2734 663 2783 fratri
676 2734 784 2784 reditum
797 2735 827 2784 C.
837 2735 929 2784 Caesar
940 2751 998 2784 con·

159 2800 266 2861 cederet,
276 2814 308 2849 ne
319 2800 346 2847 id
356 2801 528 2863 impetrarent,
538 2815 553 2848 a
564 2800 594 2848 P.
602 2799 675 2848 Aelio
687 2800 818 2848 Tuberone
829 2800 881 2849 filio
892 2801 959 2863 apud
965 2800 994 2850 C.

160 2865 294 2914 Caesarem
311 2865 458 2914 dictatorem
474 2865 505 2925 Q.
517 2865 633 2926 Ligarius
649 2865 681 2914 de
697 2865 835 2926 maiestate,
845 2873 874 2913 ut
890 2867 995 2926 videtur,

159 2939 290 2983 accusatus
307 2938 353 2992 est,
364 2930 476 2978 conferas
490 2929 651 2990 Quinctiliani
668 2928 748 2979 instit.
759 2929 885 2995 orat.„lib.
897 2931 957 2992 XL,
972 2946 993 2979 c.

161 2997 184 3056 1,
199 2994 214 3054 §
228 2997 268 3057 80,
279 3004 305 3044 et
316 2992 454 3058 Digestor„
464 2994 507 3042 lib.
518 2995 539 3055 I,
552 3003 569 3043 t.
584 2997 607 3056 2,
618 2994 648 3043 fr.
661 2996 685 3055 2,
697 2993 711 3053 ξ
724 2995 764 3044 46.
800 2995 867 3043 Ειιιιι
883 2994 931 3044 hac
944 2996 999 3058 ipsa

160 3061 280 3121 oratione,
288 3075 351 3123 quae
364 3059 429 3108 infra
440 3059 537 3120 legitur,
549 3075 667 3109 unacum
679 3060 709 3109 C.
719 3060 803 3108 Pansa
815 3061 851 3109 M.
861 3059 950 3109 Cicero
962 3061 998 3108 ita

157 3125 280 3242 goegendtit,
288 3124 351 3176 utC.
359 3124 451 3176 Caesar
462 3138 520 3174 eam
531 3124 633 3174 crimine
644 3124 761 3174 hheraret
771 3124 928 3190 reditumque
940 3139 998 3174 cou-

206 3205 248 3240 ere
259 3225 267 3241 .
