2262 3412
429 143 508 194 CAR
522 143 651 207 x-xn,
668 143 682 206 §
697 147 787 197 22-27.
996 149 1029 198 51

191 245 304 320 stantia,
314 245 393 304 illinc
409 246 506 304 furor:
527 246 595 305 hinc
610 247 753 319 honestas,
765 246 843 306 illinc
859 247 1028 326 turpitudo:

124 331 130 342 '
190 327 258 385 hinc
285 326 469 398 continentia,
492 326 570 384 illine
597 327 706 386 libido:
737 328 861 406 denique
891 330 1027 406 aequitas,

188 406 386 484 temperantia,
396 406 547 478 fortitude,
557 406 716 484 prudentia,
726 407 845 465 virtutes
859 427 959 466 omnes
972 428 1028 468 cer-

188 493 252 543 tant
266 505 332 544 cum
346 485 506 563 iniquitate,
518 486 636 558 luxuria,
647 487 769 564 ignavia,
781 488 949 561 temeritate,
961 509 1027 547 cum

188 565 266 623 vitiis
283 565 432 623 omnibus:
454 572 599 642 postremo
617 567 700 643 copia
718 585 784 624 cum
803 575 936 644 egestate,
951 569 1027 628 bona

188 645 261 702 ratio
285 663 351 702 cum
373 644 492 722 perdita,
512 664 594 703 mens
618 665 686 703 sana
709 665 774 704 cum
799 648 931 720 amentia,
951 649 1028 706 bona

187 724 310 802 deniq'ne
328 743 391 802 spes
407 743 473 782 cum
491 725 620 782 omnium
637 745 732 784 rerum
749 726 945 804 desperatione
961 747 1027 786 con-

157 861 160 864 ,
186 802 269 889 digit
308 803 342 862 In
357 804 511 868 eiusmodi
525 805 679 862 certamine
693 825 725 864 ac
739 807 849 884 proelio
862 826 966 878 nonne,
976 809 1027 866 eti-

186 901 233 940 am
251 883 274 940 si
289 883 441 941 hominnm
461 885 556 942 studia
574 885 708 944 deficiant
731 885 762 944 di
778 887 837 964 ipsi
850 887 1026 945 immortales
1078 889 1107 945 ll*

186 969 291 1040 cogant
307 961 405 1021 abhis
421 964 651 1041 praeclarissimis
667 965 821 1024 virtutibus
836 973 882 1024 tot
901 973 930 1024 et
945 973 1027 1024 tanta

186 1042 257 1100 vitia
272 1043 416 1120 superaril
455 1043 524 1102 XIL
564 1051 610 1103 26.
633 1045 713 1115 Quae
734 1065 800 1105 cum
817 1047 859 1104 ita
877 1047 943 1117 sint,
958 997 1105 1117 Qui-x

186 1121 262 1194 ntes,
280 1141 339 1194 vos,
358 1141 443 1200 quem
465 1124 502 1180 ad
523 1125 643 1183 modum
665 1127 721 1183 iam
743 1135 828 1184 antea
847 1127 1050 1197 dixi,·vestra¹

186 1208 262 1259 tecta
281 1201 419 1260 custodiis
439 1203 604 1283 vigiliisque
624 1205 788 1264 defendite:
812 1205 893 1276 mihi,
908 1213 942 1263 ut
961 1206 1025 1264 urbi

186 1281 246 1338 sine
257 1289 351 1340 vestro
364 1290 447 1341 motu
458 1303 491 1341 ac
505 1285 565 1342 sine
576 1285 635 1342 ullo
645 1286 772 1344 tumultu
783 1279 938 1343 satra‘e'sset
948 1304 1026 1363 prae·

186 1360 252 1419 aidii
272 1361 434 1420 consultum
451 1363 537 1442 atque
551 1365 698 1443 provisum
715 1373 765 1424 est.
808 1364 912 1422 Coloni
926 1384 1026 1423 omnes

185 1461 215 1498 m
235 1442 400 1521 mcipeaque
414 1445 508 1522 vestri,
521 1445 655 1503 certiores
668 1465 686 1503 a
698 1465 745 1503 me
758 1445 829 1503 facti
843 1444 1026 1533 dQ·

185 1528 270 1580 tunna
283 1524 448 1582 excursione
462 1524 611 1596 Catilinae,
622 1525 707 1584 facile
720 1524 805 1583 urbes
821 1523 885 1582 suaa
898 1523 1025 1603 finesque

185 1601 350 1662 defendent
391 1603 579 1677 Gladiatores,
596 1624 681 1683 quam
699 1605 753 1662 aibi
770 1604 818 1662 ille
833 1623 952 1662 manum
969 1624 1027 1662 cer-

185 1682 325 1741 tissimam
350 1683 413 1742 fore
437 1685 764 1763 putavit—quamquam
788 1684 884 1742 animo
908 1684 1025 1742 meliore

185 1769 253 1820 aunt
262 1782 347 1841 quam
356 1783 422 1845 pars
430 1765 664 1842 patriciorum-,
672 1772 814 1844 potestate
822 1753 1026 1822 ta‘nTen'ridstra

185 1843 415 1904 continebuntur.
458 1843 645 1915 QMetellus,
661 1863 746 1923 quern
768 1863 822 1922 ego
840 1844 896 1902 hoc
917 1844 1026 1922 prospi·

185 1922 263 1979 ciens
279 1923 309 1979 in
329 1941 429 1999 agrum
446 1923 587 1980 Gallicum
605 1924 800 2002 Picenumque
818 1924 960 2001 praemisi,
975 1931 1026 1982 aut

185 2002 330 2079 opprimet
339 2001 487 2059 hominem
499 2009 549 2059 aut
560 2021 659 2060 omnes
670 2004 730 2060 eiua
739 2012 837 2061 motus
850 2009 1025 2081 conatusque

185 2080 357 2158 prohibebit.
400 2080 529 2159 Reliquis
545 2089 641 2139 autem
656 2080 791 2140 derebus
808 2083 1024 2156 constituendis,

185 2160 369 2231 maturandis,
380 2161 498 2237 agendis
508 2161 565 2218 iam
577 2161 614 2218 ad
624 2168 754 2219 senatum
764 2161 928 2234 referemus,
939 2182 1025 2240 quem

185 2239 280 2296 vocari
293 2239 404 2298 videtis.

226 2319 272 2377 27.
289 2317 374 2377 Nunc
384 2319 456 2392 illos,
469 2320 518 2398 qui
528 2319 559 2377 in
569 2318 640 2378 urbe
650 2326 847 2378 remanserunt
857 2326 942 2398 atquc
953 2320 1025 2379 adeo

185 2400 235 2477 qni
245 2406 345 2457 contra
354 2398 433 2457 urbis
447 2399 567 2457 salutem
578 2400 765 2478 omniumque
775 2407 901 2457 vestrum
915 2400 945 2457 in
955 2400 1025 2458 urbe

185 2499 203 2537 a
215 2478 340 2537 Catilina
352 2479 444 2538 relicti
455 2487 529 2552 sunt,
541 2499 714 2558 quamquam
726 2486 793 2537 sunt
803 2479 908 2552 hostes,
918 2487 1023 2553 tamen,
1072 2471 1080 2486 ⁴

186 2559 253 2636 quia
276 2564 343 2617 aunt
370 2560 453 2632 cives,
473 2561 600 2618 monitos
621 2561 707 2618 etiam
732 2567 818 2638 atque
840 2561 927 2618 etiam
949 2561 1023 2619 volo.

186 2639 251 2696 Mea
260 2638 362 2696 lenitas
375 2639 468 2697 adhuc
483 2641 506 2697 si
517 2641 564 2698 eui
575 2639 696 2698 solutior
708 2640 769 2698 risa
783 2647 833 2712 est,
845 2641 901 2698 hoc
912 2659 1026 2718 exspec-

184 2718 265 2790 tavit,
275 2725 308 2775 ut
318 2718 357 2790 id,
368 2719 446 2798 quod
457 2719 570 2792 latebat,
583 2727 751 2798 erumperet.
787 2719 873 2789 Quod
883 2719 1024 2798 reliquum

185 2804 236 2870 est,
252 2798 309 2855 iam
330 2817 389 2855 non
405 2818 522 2876 possum
545 2799 673 2875 oblivisci
695 2819 788 2858 meam
809 2800 883 2858 hane
900 2819 960 2858 esse
977 2819 1025 2878 pa

185 2877 278 2949 triam,
293 2897 340 2936 me
360 2878 463 2935 horum
484 2898 544 2936 ease
565 2879 719 2951 consulem,
734 2880 807 2936 mihi
828 2887 878 2937 aut
897 2898 962 2936 cum
979 2879 1025 2936 his

185 2957 339 3014 vivendum
356 2964 406 3014 aut
422 2976 475 3035 pro
491 2958 536 3014 hia
553 2977 613 3016 esse
629 2959 819 3017 moriendum.
862 2958 965 3016 Nullus
981 2965 1025 3016 est

185 3037 277 3113 portis
293 3043 396 3107 custos,
409 3037 504 3093 nullus
517 3037 668 3095 insidiator
681 3039 760 3096 viae:
783 3039 807 3095 si
824 3039 874 3116 qui
888 3039 963 3096 exire
978 3058 1025 3096 vo-

185 3113 257 3186 lunt,
269 3115 399 3172 conivere
415 3135 549 3193 possum:
572 3118 621 3194 qui
638 3137 705 3175 vero
723 3137 752 3176 se
768 3118 798 3174 in
813 3118 883 3175 urbe
899 3137 1025 3176 commo-

2 3224 4 3244 ι
75 3264 77 3272 .
187 3194 266 3267 verit,
278 3194 358 3252 cuins
374 3214 429 3270 ego
442 3215 501 3252 non
517 3197 606 3254 modo
623 3196 742 3270 factum,
757 3197 807 3255 sed
820 3197 968 3274 inceptum
984 3197 1024 3255 ul-
