2262 3412
126 143 159 192 ae
232 141 281 191 uu
298 139 451 192 rumpam
468 105 692 192 curcurim
709 140 852 194 ossum.

127 243 176 321 qui
196 243 234 301 ad
254 262 314 300 rem
335 242 478 319 publicam
500 243 615 314 adeunt,
632 242 756 300 maxime
778 242 964 320 perspiciunt,

125 343 173 380 me
188 321 244 380 hcc
260 341 352 399 neque
369 328 472 399 rogatu
491 323 584 380 lacere
605 323 772 400 cuiusquam
793 341 885 400 neque
906 343 964 401 quc

126 402 178 460 Cn.
191 402 324 479 Pompeii
340 402 461 478 gratiam
482 401 555 459 mihi
575 421 626 479 per
645 401 718 459 hauc
737 421 853 477 causam
872 403 965 460 couci·-

125 481 188 538 liari
206 487 306 557 putem
324 500 416 558 neque
434 500 491 558 quo
508 481 580 538 mihi
597 501 632 539 ex
648 481 815 558 cuiusquam
832 481 965 558 amplitu-

126 561 192 619 dine
207 567 256 618 aut
269 561 411 636 praesidia
423 559 557 637 periculis
571 567 620 618 aut
631 560 796 618 adiumenta
806 559 964 618 honeribus

126 659 267 718 quaeram,
279 646 430 716 propterea
445 640 523 717 quod
532 640 659 717 pericula
668 640 760 710 facile,
773 647 806 697 ut
815 639 963 698 hominem

125 725 267 797 praestare
282 726 404 798 oportet,
420 720 584 778 innocentia
599 719 669 777 tecti
683 719 859 797 repellemus,
874 719 964 776 hone

125 819 185 856 rem
199 806 295 857 autem
310 818 402 877 neque
419 799 455 857 ab
469 819 527 857 unc
542 818 634 877 neque
648 818 683 856 ex
696 797 752 856 hcc
766 798 838 870 1000,
854 799 904 856 sed
921 818 964 856 ea·-

125 879 190 936 dem
206 879 255 936 illa
268 886 366 937 nostra
378 878 599 936 laboriosissima
612 879 723 936 ratione
737 879 819 950 vitae,
833 879 857 936 si
871 885 964 935 vestra

125 956 257 1016 voluntas
284 959 365 1030 feret,
388 977 602 1036 consequemur.
646 957 692 1015 71.
719 956 813 1027 Quam
840 956 879 1015 ob
902 976 964 1014 rem·

125 1038 266 1115 quidquid
280 1038 310 1095 in
326 1038 380 1096 hac
397 1057 481 1096 causa
496 1037 569 1095 mihi
586 1044 750 1114 susceptum
767 1044 818 1108 est,
829 1036 962 1108 Quirites,

124 1117 156 1174 id
173 1136 258 1177 omne
275 1137 329 1194 ego
349 1117 453 1176 merei
470 1117 600 1195 publicae
618 1137 702 1175 causa
722 1117 887 1195 suscepisse
899 1135 964 1174 con·

116 1195 216 1269 ,firm0,
228 1205 398 1276 tantumque
412 1197 500 1270 abest,
512 1205 545 1255 ut
559 1198 683 1275 aliquam
697 1197 769 1255 mihi
783 1196 889 1272 bonam
903 1215 964 1273 gra·

124 1277 194 1334 tiam
210 1279 349 1355 quaesisse
364 1278 467 1348 videar,
479 1285 513 1334 ut
526 1277 630 1334 multas
643 1296 690 1335 me
705 1278 791 1336 etiam
806 1276 964 1335 simultates.

124 1357 229 1434 partim
244 1357 385 1428 obscuras,
397 1357 503 1434 partim
521 1363 632 1433 apertas
646 1356 805 1434 intelligam
819 1355 891 1414 mihi
905 1375 963 1412 uon

124 1437 301 1509 necessariae,
317 1437 398 1494 vobis
419 1455 478 1493 nou
495 1435 610 1494 irrutiles
627 1437 791 1515 suscepisse.
835 1435 892 1494 Sed
909 1454 963 1512 ego

124 1535 171 1573 mc
191 1516 247 1574 hoc
267 1516 376 1574 honore
397 1516 568 1594 praeditum,
585 1517 674 1575 tantis
697 1517 798 1574 vestris
819 1514 965 1574 beneficiis
1065 1543 1071 1552 ·

124 1596 271 1653 adfectum
289 1597 383 1668 statui,
396 1596 529 1668 Quirites,
542 1604 664 1654 vestram
681 1596 859 1654 voluntatem
878 1602 907 1653 et
924 1594 964 1654 rei

17 1695 20 1698 ·
124 1675 255 1753 publicae
272 1676 443 1753 dignitatem
465 1683 494 1734 01
510 1676 630 1734 salutem
647 1676 857 1752 provinciarum
878 1682 964 1751 atque

125 1755 267 1812 sociorum
278 1756 350 1812 meis
360 1755 494 1814 omuibus
508 1755 668 1814 commodis
679 1763 708 1814 et
718 1755 877 1814 rationibus
886 1771 965 1834 prae·
1064 1795 1065 1800 κ

124 1835 199 1894 ferre
214 1842 353 1915 oportere.
