2240 3418
109 128 156 176 roi
304 105 421 187 rso'o
436 123 587 176 trenaro
601 125 746 177 enarro.

108 227 236 286 irruisses
252 233 282 284 et
297 223 418 284 clamare
435 226 592 302 coepisses:
614 224 646 284 O.
659 224 770 297 Caesar,
782 225 850 284 eave
863 224 946 305 igno·

108 327 176 379 scas,
194 325 261 364 cave
284 313 314 363 te
334 307 455 364 fratrum
476 325 529 382 pro
549 305 645 363 fratris
666 305 756 363 salute
776 305 946 365 obsecranti-

107 407 157 444 um
178 386 317 456 misereat,
332 404 427 442 nonne
448 404 562 442 omnem
579 385 787 443 humanitatem
806 387 945 444 exuissesl

108 466 223 535 Quanto
239 465 294 522 hoc
313 465 419 535 durius,
432 465 510 541 quod
526 484 578 521 nos
595 464 675 521 domi
691 465 824 541 petimus,
834 465 868 522 id
884 485 901 522 a
916 472 945 523 te

42 576 46 584 ·
108 546 139 602 in
154 546 220 602 foro
237 544 415 622 oppugnarit
436 544 509 601 etin
522 543 573 600 tali
587 544 871 616 miseriamultorum
885 563 947 621 per-

108 625 221 702 fugium
236 623 445 681 miserioordiae
458 622 576 680 tolleret
611 623 714 680 Dicam
728 623 821 700 plane,
833 623 944 696 Caesar,

109 705 187 782 quod
201 704 300 762 sentio.
338 708 383 760 15.
399 701 431 760 Si
444 703 475 759 in
491 702 544 760 hae
558 709 638 760 tanta
651 709 701 760 tua
714 703 832 761 fortuna
844 703 946 760 lenitas

108 791 189 841 tanta
204 802 263 840 non
280 788 361 854 esset,
375 801 460 858 quam
477 788 508 839 tu
526 801 577 859 per
592 789 630 853 te,
642 773 746 859 per'te,
757 783 885 859 inquam,
897 782 946 840 ol>

108 861 353 938 tinea-intelligo
374 861 444 938 qnid
464 861 786 938 loquar—acerbissimo
806 861 886 919 luctu
905 881 946 920 re·

109 942 250 1000 dundaret
262 942 317 999 ista
330 941 456 998 victoria
499 939 591 1008 Quam
606 941 691 999 multi
705 942 783 1000 enim
799 948 893 999 essent
910 941 946 998 de

108 1021 263 1080 victoribus
277 1021 366 1098 quite
380 1019 521 1078 crudelem
536 1039 597 1078 esse
606 1019 719 1091 vellent,
729 1039 795 1078 curn
809 1021 895 1078 etiam
910 1020 945 1078 de

108 1102 191 1160 victis
207 1101 399 1178 reperiantur!
422 1119 507 1178 quam
521 1100 604 1157 multi
618 1101 669 1177 qui
683 1119 748 1158 cum
763 1119 779 1156 a
792 1106 822 1158 te
836 1099 946 1178 ignosci
984 1161 987 1168 ,

109 1181 218 1239 nemini
241 1180 354 1250 vellent,
372 1180 545 1257 impedirent
568 1179 750 1237 clementiam
773 1186 861 1251 tuam,
880 1198 945 1257 cum

109 1261 196 1319 ctiam
209 1260 249 1332 hi,
260 1259 363 1338 quibus
376 1259 437 1336 ipse
451 1259 595 1336 ignovisti,
607 1258 701 1316 nolint
714 1266 818 1332 taesse
830 1259 861 1316 iu
876 1258 946 1316 alios

108 1340 337 1398 misericordem!
380 1344 425 1396 16.
441 1337 527 1407 Quod
546 1339 570 1396 si
586 1338 707 1416 probare
723 1338 836 1397 Caesari
852 1357 946 1415 posse-

108 1440 173 1478 mus
183 1420 213 1476 in
220 1419 321 1477 Africa
329 1419 474 1496 Ligarium
486 1418 605 1475 omniuo
615 1437 675 1474 non
685 1418 781 1489 fuisse,
790 1419 814 1474 si
825 1418 945 1490 honesto

109 1507 138 1557 et
154 1499 331 1557 misericordi
349 1498 499 1554 mendacio
520 1497 604 1555 saluti
623 1496 679 1554 civi
699 1493 866 1555 calamitoso
886 1515 946 1554 esse

109 1579 252 1650 vellemus,
266 1585 363 1635 tamen
384 1577 509 1635 hominis
529 1596 588 1635 non
609 1584 690 1648 esset,
705 1577 736 1633 in
752 1584 834 1635 tanto
851 1576 947 1634 discri-

108 1659 186 1715 mine
200 1664 230 1715 et
239 1657 367 1734 periculo
381 1657 450 1714 civis
461 1656 588 1714 refellere
599 1663 628 1714 et
638 1657 806 1734 redarguere
816 1663 946 1714 nostrum

108 1737 298 1807 mendacium,
310 1743 347 1808 et,
360 1736 384 1793 si
397 1743 471 1794 esset
485 1736 611 1807 alicuius,
623 1736 684 1792 eius
701 1743 776 1794 certe
790 1755 848 1792 non
863 1743 945 1808 esset,

110 1817 159 1894 qui
175 1816 206 1872 in
226 1815 326 1872 eadem
342 1834 427 1872 causa
446 1822 475 1873 et
491 1815 609 1873 fortuna
624 1815 734 1874 fuisset.
776 1815 834 1874 Sed
849 1822 946 1874 tamen

109 1895 188 1954 alind
201 1901 244 1952 est
260 1914 351 1953 errare
365 1894 514 1952 Caesarem
530 1894 615 1965 nolle,
626 1894 708 1952 aliud.
718 1895 794 1953 nolle
810 1895 945 1954 misereri

109 1975 190 2033 Tunc
210 1974 333 2032 diceres:
359 1973 469 2046 Caesar,
485 1993 552 2032 cave
572 1974 686 2032 credas:
708 1975 766 2032 fuit
785 1975 815 2032 iu
836 1974 946 2047 Africa,

108 2055 177 2113 tulit
196 2073 276 2111 arma
295 2061 394 2111 contra
413 2060 450 2112 te
493 2052 577 2111 Nunc
595 2055 665 2130 quid
681 2054 772 2112 dicisl
812 2054 888 2112 Cave
907 2055 948 2132 ig-

34 2181 37 2186 .
109 2154 162 2191 nos
209 2178 216 2191 .
252 2133 332 2191 Haeo
345 2152 398 2191 nec
411 2133 537 2190 hominis
550 2153 603 2191 nec
616 2133 653 2190 ad
667 2134 813 2192 hominem
825 2154 881 2192 vox
894 2141 945 2205 est,

111 2153 236 2291 quaoegui
254 2212 332 2290 apud
348 2219 385 2284 tc,
397 2212 429 2271 O.
442 2211 553 2284 Caesar,
565 2213 663 2285 utitur,
676 2233 756 2272 suam
776 2215 861 2273 citius
879 2213 948 2272 abii-

110 2294 166 2351 ciet
179 2293 386 2350 humanitatem
402 2311 487 2370 quam
501 2293 683 2370 extorquebit
696 2300 784 2352 tuam.
1017 2302 1021 2309 ’
1047 2335 1049 2340 .

150 2373 201 2432 VI.
234 2371 279 2430 17.
292 2371 336 2430 Ac
347 2372 456 2449 primus
470 2373 565 2429 aditus
579 2380 608 2430 et
621 2373 778 2450 postulatio
789 2372 948 2432 Tuberonis

109 2451 187 2523 haec,
202 2458 236 2509 ut
256 2452 366 2528 opinor,
378 2451 451 2510 fuit:
473 2451 544 2509 velle
566 2472 595 2510 se
616 2452 652 2510 de
672 2452 825 2530 QLigarii
845 2453 948 2511 scelere

110 2531 210 2588 dicere.
246 2529 313 2588 Non
328 2530 429 2588 dubito
444 2531 513 2609 quin
530 2532 686 2589 admiratus
703 2533 749 2604 sis,
761 2533 805 2590 vel
820 2532 898 2609 quod
912 2532 948 2589 de
987 2567 990 2573 -

110 2610 190 2667 nullo
202 2609 259 2666 alio
273 2610 432 2686 quisquam,
447 2611 491 2668 vel
506 2611 584 2687 quod
597 2612 630 2682 is,
642 2611 693 2688 qui
706 2611 736 2668 in
751 2612 850 2669 eadem
864 2631 949 2668 causa

109 2689 219 2760 fuisset,
231 2688 276 2746 vel
297 2689 434 2766 quidnam
454 2691 522 2747 novi
543 2690 655 2749 sceleris
675 2690 808 2749 adferret.
850 2690 948 2749 Scelus

109 2774 143 2826 tu
157 2767 228 2826 illud
241 2786 333 2839 vocas,
343 2768 476 2826 Tuberol
510 2769 587 2828 Ourl
606 2770 663 2828 isto
678 2771 754 2827 enim
770 2770 886 2828 nomine
899 2770 949 2827 illa

110 2847 203 2905 adhuc
223 2865 307 2904 causa
323 2849 421 2914 caruit.
462 2847 523 2905 Alii
542 2867 664 2905 errorem
681 2848 835 2925 appellant,
850 2848 898 2906 alii
914 2850 949 2907 ti-

49 2977 51 2982 .
110 2943 236 2983 morem:
259 2926 308 3002 qui
329 2925 435 2995 dumus,
447 2945 536 3002 spem,
552 2927 748 3003 cupiditatem,
764 2928 872 3000 odium,
887 2947 949 3005 per·

110 3005 261 3061 tinaciam:
283 3004 333 3080 qui
349 3005 522 3079 gravissime,
534 3006 741 3063 temeritatem:
764 3008 854 3065 scelus
870 3026 949 3084 prae·

110 3089 154 3138 ter
169 3089 198 3140 te
219 3082 312 3140 adhuc
332 3100 425 3139 neme.
467 3082 512 3140 Ac
528 3083 601 3140 mihi
622 3085 746 3161 quidem,
759 3086 783 3142 si
798 3087 947 3163 proprium

57 3203 61 3212 .
110 3167 139 3216 et
157 3177 254 3217 verum
271 3178 376 3217 nomen
393 3160 483 3217 nostri
500 3162 567 3219 mali
585 3164 736 3237 quaeritur,
748 3164 844 3222 fatalis
865 3184 948 3242 qnae-
