<?xml version="1.0" encoding="UTF-8"?>
<!DOCTYPE html PUBLIC "-//W3C//DTD XHTML 1.0 Transitional//EN"
    "http://www.w3.org/TR/xhtml1/DTD/xhtml1-transitional.dtd">
<html xmlns="http://www.w3.org/1999/xhtml" xml:lang="en" lang="en">
 <head>
  <title>
</title>
<meta http-equiv="Content-Type" content="text/html;charset=utf-8" />
  <meta name='ocr-system' content='tesseract 3.04.00' />
  <meta name='ocr-capabilities' content='ocr_page ocr_carea ocr_par ocr_line ocrx_word'/>
</head>
<body>
  <div class='ocr_page' id='page_1' title='image "./mtulliiciceroni99cicegoog/mtulliiciceroni99cicegoog_0173.png"; bbox 0 0 2262 3418; ppageno 0'>
   <div class='ocr_carea' id='block_1_1' title="bbox 342 103 993 192">
    <p class='ocr_par' dir='ltr' id='par_1_1' title="bbox 342 103 993 192">
     <span class='ocr_line' id='line_1_1' title="bbox 342 103 993 192; baseline 0.003 -12"><span class='ocrx_word' id='word_1_1' title='bbox 342 128 420 186; x_wconf 71' lang='lat' dir='ltr'>oar.</span> <span class='ocrx_word' id='word_1_2' title='bbox 436 103 667 192; x_wconf 71' lang='lat' dir='ltr'>xxm-xxva,</span> <span class='ocrx_word' id='word_1_3' title='bbox 682 127 697 190; x_wconf 69' lang='lat' dir='ltr'>s</span> <span class='ocrx_word' id='word_1_4' title='bbox 711 130 803 181; x_wconf 68' lang='lat' dir='ltr'>saro.</span> <span class='ocrx_word' id='word_1_5' title='bbox 945 129 993 182; x_wconf 84' lang='lat' dir='ltr'>roa</span> 
     </span>
    </p>
   </div>
   <div class='ocr_carea' id='block_1_2' title="bbox 128 228 1045 1822">
    <p class='ocr_par' dir='ltr' id='par_1_2' title="bbox 128 228 1045 1822">
     <span class='ocr_line' id='line_1_2' title="bbox 151 228 992 308; baseline 0.001 -20"><span class='ocrx_word' id='word_1_6' title='bbox 151 237 233 294; x_wconf 79' lang='lat' dir='ltr'>tenta</span> <span class='ocrx_word' id='word_1_7' title='bbox 256 235 332 302; x_wconf 84' lang='lat' dir='ltr'>sunt,</span> <span class='ocrx_word' id='word_1_8' title='bbox 349 248 455 308; x_wconf 84' lang='lat' dir='ltr'>magna</span> <span class='ocrx_word' id='word_1_9' title='bbox 477 229 507 287; x_wconf 91' lang='lat' dir='ltr'>in</span> <span class='ocrx_word' id='word_1_10' title='bbox 527 229 584 288; x_wconf 89' lang='lat' dir='ltr'>hoc</span> <span class='ocrx_word' id='word_1_11' title='bbox 606 235 682 288; x_wconf 86' lang='lat' dir='ltr'>certe</span> <span class='ocrx_word' id='word_1_12' title='bbox 702 230 745 288; x_wconf 84' lang='lat' dir='ltr'>vis</span> <span class='ocrx_word' id='word_1_13' title='bbox 766 237 796 288; x_wconf 93' lang='lat' dir='ltr'>et</span> <span class='ocrx_word' id='word_1_14' title='bbox 815 228 992 289; x_wconf 86' lang='lat' dir='ltr'>incredibilis</span> 
     </span>
     <span class='ocr_line' id='line_1_3' title="bbox 151 309 990 387; baseline -0.001 -17"><span class='ocrx_word' id='word_1_15' title='bbox 151 312 264 370; x_wconf 84' lang='lat' dir='ltr'>animus</span> <span class='ocrx_word' id='word_1_16' title='bbox 278 315 307 368; x_wconf 94' lang='lat' dir='ltr'>et</span> <span class='ocrx_word' id='word_1_17' title='bbox 317 328 376 368; x_wconf 95' lang='lat' dir='ltr'>non</span> <span class='ocrx_word' id='word_1_18' title='bbox 389 309 475 367; x_wconf 87' lang='lat' dir='ltr'>unius</span> <span class='ocrx_word' id='word_1_19' title='bbox 488 309 541 367; x_wconf 90' lang='lat' dir='ltr'>viri</span> <span class='ocrx_word' id='word_1_20' title='bbox 551 309 625 367; x_wconf 85' lang='lat' dir='ltr'>vires</span> <span class='ocrx_word' id='word_1_21' title='bbox 638 315 724 387; x_wconf 91' lang='lat' dir='ltr'>atque</span> <span class='ocrx_word' id='word_1_22' title='bbox 735 329 805 387; x_wconf 88' lang='lat' dir='ltr'>opes</span> <span class='ocrx_word' id='word_1_23' title='bbox 817 309 990 384; x_wconf 86' lang='lat' dir='ltr'>iudicantur,</span> 
     </span>
     <span class='ocr_line' id='line_1_4' title="bbox 151 388 992 467; baseline 0.002 -20"><span class='ocrx_word' id='word_1_24' title='bbox 151 391 176 447; x_wconf 90' lang='lat' dir='ltr'>si</span> <span class='ocrx_word' id='word_1_25' title='bbox 186 388 344 467; x_wconf 88' lang='lat' dir='ltr'>quidem-in</span> <span class='ocrx_word' id='word_1_26' title='bbox 353 388 431 447; x_wconf 89' lang='lat' dir='ltr'>hunc</span> <span class='ocrx_word' id='word_1_27' title='bbox 441 408 531 447; x_wconf 91' lang='lat' dir='ltr'>unum</span> <span class='ocrx_word' id='word_1_28' title='bbox 542 395 572 446; x_wconf 88' lang='lat' dir='ltr'>et</span> <span class='ocrx_word' id='word_1_29' title='bbox 581 389 842 466; x_wconf 86' lang='lat' dir='ltr'>praestantissimus</span> <span class='ocrx_word' id='word_1_30' title='bbox 852 388 911 447; x_wconf 85' lang='lat' dir='ltr'>dux</span> <span class='ocrx_word' id='word_1_31' title='bbox 922 391 992 449; x_wconf 87' lang='lat' dir='ltr'>else-</span> 
     </span>
     <span class='ocr_line' id='line_1_5' title="bbox 151 467 990 547; baseline 0.001 -20"><span class='ocrx_word' id='word_1_32' title='bbox 151 476 198 527; x_wconf 89' lang='lat' dir='ltr'>tus</span> <span class='ocrx_word' id='word_1_33' title='bbox 212 476 241 526; x_wconf 90' lang='lat' dir='ltr'>et</span> <span class='ocrx_word' id='word_1_34' title='bbox 255 474 318 526; x_wconf 89' lang='lat' dir='ltr'>tota</span> <span class='ocrx_word' id='word_1_35' title='bbox 331 487 375 526; x_wconf 90' lang='lat' dir='ltr'>res</span> <span class='ocrx_word' id='word_1_36' title='bbox 388 467 503 546; x_wconf 89' lang='lat' dir='ltr'>publica</span> <span class='ocrx_word' id='word_1_37' title='bbox 516 474 625 527; x_wconf 88' lang='lat' dir='ltr'>armata</span> <span class='ocrx_word' id='word_1_38' title='bbox 639 475 689 526; x_wconf 88' lang='lat' dir='ltr'>est.</span> <span class='ocrx_word' id='word_1_39' title='bbox 726 474 772 527; x_wconf 85' lang='grc'>68.</span> <span class='ocrx_word' id='word_1_40' title='bbox 786 468 843 527; x_wconf 83' lang='lat' dir='ltr'>Sed</span> <span class='ocrx_word' id='word_1_41' title='bbox 854 470 918 547; x_wconf 87' lang='lat' dir='ltr'>quis</span> <span class='ocrx_word' id='word_1_42' title='bbox 931 490 990 528; x_wconf 91' lang='lat' dir='ltr'>non</span> 
     </span>
     <span class='ocr_line' id='line_1_6' title="bbox 150 547 991 626; baseline 0.002 -20"><span class='ocrx_word' id='word_1_43' title='bbox 150 548 287 626; x_wconf 82' lang='lat' dir='ltr'>intelligit</span> <span class='ocrx_word' id='word_1_44' title='bbox 303 566 403 605; x_wconf 90' lang='lat' dir='ltr'>omnes</span> <span class='ocrx_word' id='word_1_45' title='bbox 418 547 473 606; x_wconf 92' lang='lat' dir='ltr'>tibi</span> <span class='ocrx_word' id='word_1_46' title='bbox 486 547 528 606; x_wconf 91' lang='lat' dir='ltr'>rei</span> <span class='ocrx_word' id='word_1_47' title='bbox 541 547 671 625; x_wconf 90' lang='lat' dir='ltr'>publicae</span> <span class='ocrx_word' id='word_1_48' title='bbox 687 554 783 626; x_wconf 87' lang='lat' dir='ltr'>partes</span> <span class='ocrx_word' id='word_1_49' title='bbox 799 567 897 626; x_wconf 83' lang='lat' dir='ltr'>aegras</span> <span class='ocrx_word' id='word_1_50' title='bbox 910 557 940 607; x_wconf 89' lang='lat' dir='ltr'>et</span> <span class='ocrx_word' id='word_1_51' title='bbox 953 550 991 608; x_wconf 90' lang='lat' dir='ltr'>la·</span> 
     </span>
     <span class='ocr_line' id='line_1_7' title="bbox 150 627 1045 700; baseline 0.004 -14"><span class='ocrx_word' id='word_1_52' title='bbox 150 627 259 700; x_wconf 87' lang='lat' dir='ltr'>bantes,</span> <span class='ocrx_word' id='word_1_53' title='bbox 271 635 305 686; x_wconf 87' lang='lat' dir='ltr'>ut</span> <span class='ocrx_word' id='word_1_54' title='bbox 321 647 368 686; x_wconf 88' lang='lat' dir='ltr'>eas</span> <span class='ocrx_word' id='word_1_55' title='bbox 384 627 430 684; x_wconf 92' lang='lat' dir='ltr'>his</span> <span class='ocrx_word' id='word_1_56' title='bbox 450 627 537 684; x_wconf 89' lang='lat' dir='ltr'>armis</span> <span class='ocrx_word' id='word_1_57' title='bbox 553 645 665 684; x_wconf 88' lang='lat' dir='ltr'>sanares</span> <span class='ocrx_word' id='word_1_58' title='bbox 682 634 711 685; x_wconf 91' lang='lat' dir='ltr'>et</span> <span class='ocrx_word' id='word_1_59' title='bbox 727 627 916 700; x_wconf 88' lang='lat' dir='ltr'>confirmares,</span> <span class='ocrx_word' id='word_1_60' title='bbox 929 648 990 688; x_wconf 88' lang='lat' dir='ltr'>esse</span> <span class='ocrx_word' id='word_1_61' title='bbox 1039 680 1045 692; x_wconf 90' lang='lat'><strong>.</strong></span> 
     </span>
     <span class='ocr_line' id='line_1_8' title="bbox 128 706 990 785; baseline 0 -19"><span class='ocrx_word' id='word_1_62' title='bbox 128 775 129 780; x_wconf 8' lang='grc' dir='ltr'>η</span> <span class='ocrx_word' id='word_1_63' title='bbox 150 707 336 767; x_wconf 72' lang='lat' dir='ltr'>commissas?</span> <span class='ocrx_word' id='word_1_64' title='bbox 376 706 461 775; x_wconf 81' lang='lat' dir='ltr'>Quod</span> <span class='ocrx_word' id='word_1_65' title='bbox 478 707 503 764; x_wconf 91' lang='lat' dir='ltr'>si</span> <span class='ocrx_word' id='word_1_66' title='bbox 517 706 596 765; x_wconf 90' lang='lat' dir='ltr'>loons</span> <span class='ocrx_word' id='word_1_67' title='bbox 613 706 716 765; x_wconf 87' lang='lat' dir='ltr'>Miloni</span> <span class='ocrx_word' id='word_1_68' title='bbox 732 707 816 764; x_wconf 85' lang='lat' dir='ltr'>datus</span> <span class='ocrx_word' id='word_1_69' title='bbox 832 714 913 780; x_wconf 88' lang='lat' dir='ltr'>esset,</span> <span class='ocrx_word' id='word_1_70' title='bbox 925 728 990 785; x_wconf 90' lang='lat' dir='ltr'>pro·</span> 
     </span>
     <span class='ocr_line' id='line_1_9' title="bbox 150 786 989 865; baseline -0.002 -19"><span class='ocrx_word' id='word_1_71' title='bbox 150 787 245 846; x_wconf 88' lang='lat' dir='ltr'>basset</span> <span class='ocrx_word' id='word_1_72' title='bbox 254 787 386 865; x_wconf 83' lang='lat' dir='ltr'>profecto</span> <span class='ocrx_word' id='word_1_73' title='bbox 396 786 451 844; x_wconf 92' lang='lat' dir='ltr'>tibi</span> <span class='ocrx_word' id='word_1_74' title='bbox 461 786 525 864; x_wconf 90' lang='lat' dir='ltr'>ipsi,</span> <span class='ocrx_word' id='word_1_75' title='bbox 537 786 682 844; x_wconf 90' lang='lat' dir='ltr'>neminem</span> <span class='ocrx_word' id='word_1_76' title='bbox 693 805 830 865; x_wconf 89' lang='lat' dir='ltr'>umquam</span> <span class='ocrx_word' id='word_1_77' title='bbox 841 787 989 846; x_wconf 91' lang='lat' dir='ltr'>hominem</span> 
     </span>
     <span class='ocr_line' id='line_1_10' title="bbox 151 866 990 944; baseline -0.005 -15"><span class='ocrx_word' id='word_1_78' title='bbox 151 867 262 929; x_wconf 90' lang='lat' dir='ltr'>homini</span> <span class='ocrx_word' id='word_1_79' title='bbox 276 867 413 926; x_wconf 87' lang='lat' dir='ltr'>cariorem</span> <span class='ocrx_word' id='word_1_80' title='bbox 423 866 512 924; x_wconf 82' lang='lat' dir='ltr'>fuisse</span> <span class='ocrx_word' id='word_1_81' title='bbox 523 885 610 944; x_wconf 87' lang='lat' dir='ltr'>quam</span> <span class='ocrx_word' id='word_1_82' title='bbox 624 873 654 924; x_wconf 89' lang='lat' dir='ltr'>te</span> <span class='ocrx_word' id='word_1_83' title='bbox 668 867 739 925; x_wconf 89' lang='lat' dir='ltr'>sibi:</span> <span class='ocrx_word' id='word_1_84' title='bbox 760 867 871 926; x_wconf 90' lang='lat' dir='ltr'>nullum</span> <span class='ocrx_word' id='word_1_85' title='bbox 885 887 915 925; x_wconf 89' lang='lat' dir='ltr'>se</span> <span class='ocrx_word' id='word_1_86' title='bbox 928 887 990 925; x_wconf 90' lang='lat' dir='ltr'>um·</span> 
     </span>
     <span class='ocr_line' id='line_1_11' title="bbox 151 946 990 1025; baseline 0 -21"><span class='ocrx_word' id='word_1_87' title='bbox 151 966 237 1024; x_wconf 86' lang='lat' dir='ltr'>quam</span> <span class='ocrx_word' id='word_1_88' title='bbox 251 946 410 1024; x_wconf 89' lang='lat' dir='ltr'>periculum</span> <span class='ocrx_word' id='word_1_89' title='bbox 426 965 479 1023; x_wconf 91' lang='lat' dir='ltr'>pro</span> <span class='ocrx_word' id='word_1_90' title='bbox 493 952 544 1004; x_wconf 89' lang='lat' dir='ltr'>tua</span> <span class='ocrx_word' id='word_1_91' title='bbox 560 946 701 1024; x_wconf 82' lang='lat' dir='ltr'>dignitate</span> <span class='ocrx_word' id='word_1_92' title='bbox 717 947 834 1024; x_wconf 80' lang='lat' dir='ltr'>fugisse,</span> <span class='ocrx_word' id='word_1_93' title='bbox 847 967 912 1005; x_wconf 92' lang='lat' dir='ltr'>cum</span> <span class='ocrx_word' id='word_1_94' title='bbox 927 948 990 1025; x_wconf 90' lang='lat' dir='ltr'>ipsa</span> 
     </span>
     <span class='ocr_line' id='line_1_12' title="bbox 151 1025 989 1104; baseline -0.002 -18"><span class='ocrx_word' id='word_1_95' title='bbox 151 1025 199 1087; x_wconf 78' lang='lat' dir='ltr'>illa</span> <span class='ocrx_word' id='word_1_96' title='bbox 208 1026 370 1085; x_wconf 85' lang='lat' dir='ltr'>taeterrima</span> <span class='ocrx_word' id='word_1_97' title='bbox 379 1032 460 1103; x_wconf 88' lang='lat' dir='ltr'>peste</span> <span class='ocrx_word' id='word_1_98' title='bbox 474 1045 504 1084; x_wconf 89' lang='lat' dir='ltr'>se</span> <span class='ocrx_word' id='word_1_99' title='bbox 517 1027 682 1103; x_wconf 86' lang='lat' dir='ltr'>saepissime</span> <span class='ocrx_word' id='word_1_100' title='bbox 691 1046 745 1104; x_wconf 90' lang='lat' dir='ltr'>pro</span> <span class='ocrx_word' id='word_1_101' title='bbox 759 1033 810 1084; x_wconf 91' lang='lat' dir='ltr'>tua</span> <span class='ocrx_word' id='word_1_102' title='bbox 819 1027 911 1104; x_wconf 84' lang='lat' dir='ltr'>gloria</span> <span class='ocrx_word' id='word_1_103' title='bbox 923 1046 989 1085; x_wconf 90' lang='lat' dir='ltr'>con·</span> 
     </span>
     <span class='ocr_line' id='line_1_13' title="bbox 152 1105 989 1184; baseline 0.001 -20"><span class='ocrx_word' id='word_1_104' title='bbox 152 1105 292 1164; x_wconf 76' lang='lat' dir='ltr'><strong>tendisse:</strong></span> <span class='ocrx_word' id='word_1_105' title='bbox 315 1106 494 1164; x_wconf 88' lang='lat' dir='ltr'>tribunatum</span> <span class='ocrx_word' id='word_1_106' title='bbox 510 1124 595 1163; x_wconf 89' lang='lat' dir='ltr'>suum</span> <span class='ocrx_word' id='word_1_107' title='bbox 611 1106 648 1164; x_wconf 84' lang='lat' dir='ltr'>ad</span> <span class='ocrx_word' id='word_1_108' title='bbox 664 1105 785 1164; x_wconf 88' lang='lat' dir='ltr'>salutem</span> <span class='ocrx_word' id='word_1_109' title='bbox 801 1126 904 1178; x_wconf 85' lang='lat' dir='ltr'>meam,</span> <span class='ocrx_word' id='word_1_110' title='bbox 916 1126 989 1184; x_wconf 89' lang='lat' dir='ltr'>quae</span> 
     </span>
     <span class='ocr_line' id='line_1_14' title="bbox 152 1185 993 1263; baseline 0 -19"><span class='ocrx_word' id='word_1_111' title='bbox 152 1185 204 1244; x_wconf 90' lang='lat' dir='ltr'>tibi</span> <span class='ocrx_word' id='word_1_112' title='bbox 220 1186 365 1244; x_wconf 89' lang='lat' dir='ltr'>carissima</span> <span class='ocrx_word' id='word_1_113' title='bbox 381 1185 492 1257; x_wconf 86' lang='lat' dir='ltr'>fuisset,</span> <span class='ocrx_word' id='word_1_114' title='bbox 504 1185 630 1244; x_wconf 86' lang='lat' dir='ltr'>consiliis</span> <span class='ocrx_word' id='word_1_115' title='bbox 650 1186 708 1248; x_wconf 83' lang='lat' dir='ltr'>tuis</span> <span class='ocrx_word' id='word_1_116' title='bbox 727 1185 936 1263; x_wconf 69' lang='lat' dir='ltr'>gubernatum</span> <span class='ocrx_word' id='word_1_117' title='bbox 959 1206 993 1255; x_wconf 83' lang='lat' dir='ltr'>sa-</span> 
     </span>
     <span class='ocr_line' id='line_1_15' title="bbox 152 1265 989 1344; baseline -0.002 -20"><span class='ocrx_word' id='word_1_118' title='bbox 152 1272 209 1332; x_wconf 77' lang='lat' dir='ltr'>ate</span> <span class='ocrx_word' id='word_1_119' title='bbox 222 1272 324 1342; x_wconf 84' lang='lat' dir='ltr'>postea</span> <span class='ocrx_word' id='word_1_120' title='bbox 337 1265 488 1324; x_wconf 82' lang='lat' dir='ltr'>defensum</span> <span class='ocrx_word' id='word_1_121' title='bbox 501 1265 532 1322; x_wconf 92' lang='lat' dir='ltr'>in</span> <span class='ocrx_word' id='word_1_122' title='bbox 546 1266 673 1342; x_wconf 87' lang='lat' dir='ltr'>periculo</span> <span class='ocrx_word' id='word_1_123' title='bbox 690 1266 800 1344; x_wconf 90' lang='lat' dir='ltr'>capitis,</span> <span class='ocrx_word' id='word_1_124' title='bbox 812 1266 944 1323; x_wconf 87' lang='lat' dir='ltr'>adiutum</span> <span class='ocrx_word' id='word_1_125' title='bbox 957 1267 989 1323; x_wconf 90' lang='lat' dir='ltr'>in</span> 
     </span>
     <span class='ocr_line' id='line_1_16' title="bbox 150 1345 989 1424; baseline -0.002 -20"><span class='ocrx_word' id='word_1_126' title='bbox 150 1345 291 1424; x_wconf 84' lang='lat' dir='ltr'>petitione</span> <span class='ocrx_word' id='word_1_127' title='bbox 306 1351 471 1422; x_wconf 88' lang='lat' dir='ltr'>praeturae:</span> <span class='ocrx_word' id='word_1_128' title='bbox 493 1345 566 1403; x_wconf 90' lang='lat' dir='ltr'>duos</span> <span class='ocrx_word' id='word_1_129' title='bbox 582 1365 612 1403; x_wconf 87' lang='lat' dir='ltr'>se</span> <span class='ocrx_word' id='word_1_130' title='bbox 628 1345 732 1404; x_wconf 89' lang='lat' dir='ltr'>habere</span> <span class='ocrx_word' id='word_1_131' title='bbox 751 1363 863 1424; x_wconf 80' lang='lat' dir='ltr'><strong>semper</strong></span> <span class='ocrx_word' id='word_1_132' title='bbox 879 1345 989 1403; x_wconf 75' lang='lat' dir='ltr'>amicis</span> 
     </span>
     <span class='ocr_line' id='line_1_17' title="bbox 150 1424 990 1502; baseline -0.002 -18"><span class='ocrx_word' id='word_1_133' title='bbox 150 1425 238 1484; x_wconf 88' lang='lat' dir='ltr'>simos</span> <span class='ocrx_word' id='word_1_134' title='bbox 259 1443 392 1502; x_wconf 84' lang='lat' dir='ltr'>sperasse,</span> <span class='ocrx_word' id='word_1_135' title='bbox 409 1431 439 1482; x_wconf 92' lang='lat' dir='ltr'>te</span> <span class='ocrx_word' id='word_1_136' title='bbox 459 1432 510 1491; x_wconf 79' lang='lat' dir='ltr'>tuo</span> <span class='ocrx_word' id='word_1_137' title='bbox 530 1424 677 1496; x_wconf 86' lang='lat' dir='ltr'>beneficio,</span> <span class='ocrx_word' id='word_1_138' title='bbox 695 1444 742 1483; x_wconf 91' lang='lat' dir='ltr'>me</span> <span class='ocrx_word' id='word_1_139' title='bbox 763 1445 822 1484; x_wconf 88' lang='lat' dir='ltr'>suo.</span> <span class='ocrx_word' id='word_1_140' title='bbox 865 1424 944 1494; x_wconf 80' lang='lat' dir='ltr'>Quae</span> <span class='ocrx_word' id='word_1_141' title='bbox 965 1425 990 1482; x_wconf 90' lang='lat' dir='ltr'>si</span> 
     </span>
     <span class='ocr_line' id='line_1_18' title="bbox 149 1504 990 1582; baseline 0 -20"><span class='ocrx_word' id='word_1_142' title='bbox 149 1523 209 1562; x_wconf 91' lang='lat' dir='ltr'>non</span> <span class='ocrx_word' id='word_1_143' title='bbox 225 1504 368 1582; x_wconf 87' lang='lat' dir='ltr'>probaret,</span> <span class='ocrx_word' id='word_1_144' title='bbox 384 1505 408 1563; x_wconf 91' lang='lat' dir='ltr'>si</span> <span class='ocrx_word' id='word_1_145' title='bbox 424 1505 479 1563; x_wconf 92' lang='lat' dir='ltr'>tibi</span> <span class='ocrx_word' id='word_1_146' title='bbox 495 1505 536 1562; x_wconf 92' lang='lat' dir='ltr'>ita</span> <span class='ocrx_word' id='word_1_147' title='bbox 553 1506 669 1582; x_wconf 86' lang='lat' dir='ltr'>penitus</span> <span class='ocrx_word' id='word_1_148' title='bbox 686 1505 855 1563; x_wconf 78' lang='lat' dir='ltr'>inhaesisset</span> <span class='ocrx_word' id='word_1_149' title='bbox 870 1505 926 1562; x_wconf 89' lang='lat' dir='ltr'>ista</span> <span class='ocrx_word' id='word_1_150' title='bbox 946 1525 990 1563; x_wconf 92' lang='lat' dir='ltr'>su-</span> 
     </span>
     <span class='ocr_line' id='line_1_19' title="bbox 150 1583 990 1663; baseline 0.001 -22"><span class='ocrx_word' id='word_1_151' title='bbox 150 1583 247 1662; x_wconf 88' lang='lat' dir='ltr'>spitio,</span> <span class='ocrx_word' id='word_1_152' title='bbox 257 1585 337 1642; x_wconf 89' lang='lat' dir='ltr'>nullo</span> <span class='ocrx_word' id='word_1_153' title='bbox 347 1592 381 1644; x_wconf 86' lang='lat' dir='ltr'>ut</span> <span class='ocrx_word' id='word_1_154' title='bbox 394 1585 477 1643; x_wconf 90' lang='lat' dir='ltr'>evelli</span> <span class='ocrx_word' id='word_1_155' title='bbox 487 1585 576 1642; x_wconf 90' lang='lat' dir='ltr'>modo</span> <span class='ocrx_word' id='word_1_156' title='bbox 589 1592 695 1662; x_wconf 89' lang='lat' dir='ltr'>posset,</span> <span class='ocrx_word' id='word_1_157' title='bbox 705 1585 730 1642; x_wconf 90' lang='lat' dir='ltr'>si</span> <span class='ocrx_word' id='word_1_158' title='bbox 740 1585 865 1663; x_wconf 84' lang='lat' dir='ltr'>denique</span> <span class='ocrx_word' id='word_1_159' title='bbox 875 1583 959 1642; x_wconf 86' lang='lat' dir='ltr'>Italia</span> <span class='ocrx_word' id='word_1_160' title='bbox 972 1604 990 1642; x_wconf 89' lang='lat' dir='ltr'>a</span> 
     </span>
     <span class='ocr_line' id='line_1_20' title="bbox 150 1663 989 1742; baseline 0.001 -20"><span class='ocrx_word' id='word_1_161' title='bbox 150 1663 266 1736; x_wconf 83' lang='lat' dir='ltr'>dilectu,</span> <span class='ocrx_word' id='word_1_162' title='bbox 278 1664 345 1734; x_wconf 91' lang='lat' dir='ltr'>urbs</span> <span class='ocrx_word' id='word_1_163' title='bbox 361 1664 397 1722; x_wconf 88' lang='lat' dir='ltr'>ab</span> <span class='ocrx_word' id='word_1_164' title='bbox 414 1665 500 1722; x_wconf 86' lang='lat' dir='ltr'>annis</span> <span class='ocrx_word' id='word_1_165' title='bbox 517 1664 578 1722; x_wconf 90' lang='lat' dir='ltr'>sine</span> <span class='ocrx_word' id='word_1_166' title='bbox 594 1663 711 1722; x_wconf 90' lang='lat' dir='ltr'>Milonis</span> <span class='ocrx_word' id='word_1_167' title='bbox 732 1664 811 1722; x_wconf 84' lang='lat' dir='ltr'>clade</span> <span class='ocrx_word' id='word_1_168' title='bbox 831 1684 989 1742; x_wconf 82' lang='lat' dir='ltr'><strong>numquam</strong></span> 
     </span>
     <span class='ocr_line' id='line_1_21' title="bbox 150 1743 991 1822; baseline 0 -20"><span class='ocrx_word' id='word_1_169' title='bbox 150 1751 225 1808; x_wconf 84' lang='lat' dir='ltr'>esset</span> <span class='ocrx_word' id='word_1_170' title='bbox 238 1745 433 1822; x_wconf 75' lang='lat' dir='ltr'>conquietura,</span> <span class='ocrx_word' id='word_1_171' title='bbox 444 1764 482 1802; x_wconf 92' lang='lat' dir='ltr'>ne</span> <span class='ocrx_word' id='word_1_172' title='bbox 497 1744 545 1802; x_wconf 88' lang='lat' dir='ltr'>ille</span> <span class='ocrx_word' id='word_1_173' title='bbox 559 1743 637 1803; x_wconf 89' lang='lat' dir='ltr'>haud</span> <span class='ocrx_word' id='word_1_174' title='bbox 651 1744 786 1802; x_wconf 87' lang='lat' dir='ltr'>dubitans</span> <span class='ocrx_word' id='word_1_175' title='bbox 800 1744 929 1802; x_wconf 79' lang='lat' dir='ltr'>cessisset</span> <span class='ocrx_word' id='word_1_176' title='bbox 941 1764 991 1822; x_wconf 93' lang='lat' dir='ltr'>pa·</span> 
     </span>
    </p>
   </div>
   <div class='ocr_carea' id='block_1_3' title="bbox 44 1823 989 1902">
    <p class='ocr_par' dir='ltr' id='par_1_3' title="bbox 44 1823 989 1902">
     <span class='ocr_line' id='line_1_22' title="bbox 44 1823 989 1902; baseline -0.005 -16"><span class='ocrx_word' id='word_1_177' title='bbox 44 1881 46 1886; x_wconf 91' lang='lat'><em>.</em></span> <span class='ocrx_word' id='word_1_178' title='bbox 150 1825 214 1896; x_wconf 87' lang='lat' dir='ltr'>tria,</span> <span class='ocrx_word' id='word_1_179' title='bbox 225 1825 251 1882; x_wconf 90' lang='lat' dir='ltr'>is</span> <span class='ocrx_word' id='word_1_180' title='bbox 267 1825 317 1902; x_wconf 93' lang='lat' dir='ltr'>qui</span> <span class='ocrx_word' id='word_1_181' title='bbox 332 1825 375 1882; x_wconf 88' lang='lat' dir='ltr'>ita</span> <span class='ocrx_word' id='word_1_182' title='bbox 390 1830 474 1882; x_wconf 89' lang='lat' dir='ltr'>natus</span> <span class='ocrx_word' id='word_1_183' title='bbox 490 1831 534 1882; x_wconf 91' lang='lat' dir='ltr'>est</span> <span class='ocrx_word' id='word_1_184' title='bbox 553 1831 582 1882; x_wconf 90' lang='lat' dir='ltr'>et</span> <span class='ocrx_word' id='word_1_185' title='bbox 598 1825 640 1882; x_wconf 92' lang='lat' dir='ltr'>ita</span> <span class='ocrx_word' id='word_1_186' title='bbox 657 1825 814 1895; x_wconf 83' lang='lat' dir='ltr'>cousuevit,</span> <span class='ocrx_word' id='word_1_187' title='bbox 825 1831 863 1897; x_wconf 91' lang='lat' dir='ltr'>te,</span> <span class='ocrx_word' id='word_1_188' title='bbox 876 1823 989 1901; x_wconf 77' lang='lat' dir='ltr'>Magne,</span> 
     </span>
    </p>
   </div>
   <div class='ocr_carea' id='block_1_4' title="bbox 150 1902 993 3257">
    <p class='ocr_par' dir='ltr' id='par_1_4' title="bbox 150 1902 993 3257">
     <span class='ocr_line' id='line_1_23' title="bbox 150 1902 990 1982; baseline 0 -20"><span class='ocrx_word' id='word_1_189' title='bbox 150 1909 248 1962; x_wconf 89' lang='lat' dir='ltr'>tamen</span> <span class='ocrx_word' id='word_1_190' title='bbox 262 1910 457 1976; x_wconf 74' lang='lat' dir='ltr'>antestaretur,</span> <span class='ocrx_word' id='word_1_191' title='bbox 470 1903 549 1982; x_wconf 89' lang='lat' dir='ltr'>quod</span> <span class='ocrx_word' id='word_1_192' title='bbox 561 1902 638 1961; x_wconf 88' lang='lat' dir='ltr'>nuno</span> <span class='ocrx_word' id='word_1_193' title='bbox 652 1904 740 1962; x_wconf 89' lang='lat' dir='ltr'>etiam</span> <span class='ocrx_word' id='word_1_194' title='bbox 753 1904 832 1963; x_wconf 81' lang='lat' dir='ltr'>facit.</span> <span class='ocrx_word' id='word_1_195' title='bbox 874 1902 990 1962; x_wconf 90' lang='lat' dir='ltr'><strong>XXVI.</strong></span> 
     </span>
     <span class='ocr_line' id='line_1_24' title="bbox 152 1973 991 2061; baseline -0.001 -19"><span class='ocrx_word' id='word_1_196' title='bbox 152 1989 200 2042; x_wconf 85' lang='grc'>69.</span> <span class='ocrx_word' id='word_1_197' title='bbox 214 1973 292 2044; x_wconf 74' lang='lat' dir='ltr'>Vide</span> <span class='ocrx_word' id='word_1_198' title='bbox 309 2003 395 2061; x_wconf 92' lang='lat' dir='ltr'>quarn</span> <span class='ocrx_word' id='word_1_199' title='bbox 412 1984 451 2042; x_wconf 88' lang='lat' dir='ltr'>sit</span> <span class='ocrx_word' id='word_1_200' title='bbox 470 1983 548 2042; x_wconf 87' lang='lat' dir='ltr'>varia</span> <span class='ocrx_word' id='word_1_201' title='bbox 563 1983 639 2041; x_wconf 89' lang='lat' dir='ltr'>vitae</span> <span class='ocrx_word' id='word_1_202' title='bbox 659 1983 929 2061; x_wconf 82' lang='lat' dir='ltr'>commutabilisque</span> <span class='ocrx_word' id='word_1_203' title='bbox 949 2003 991 2041; x_wconf 87' lang='lat' dir='ltr'>ra·</span> 
     </span>
     <span class='ocr_line' id='line_1_25' title="bbox 150 2061 991 2142; baseline -0.005 -18"><span class='ocrx_word' id='word_1_204' title='bbox 150 2064 203 2136; x_wconf 89' lang='lat' dir='ltr'>tio,</span> <span class='ocrx_word' id='word_1_205' title='bbox 215 2083 301 2142; x_wconf 89' lang='lat' dir='ltr'>quam</span> <span class='ocrx_word' id='word_1_206' title='bbox 312 2083 385 2140; x_wconf 85' lang='lat' dir='ltr'>vaga</span> <span class='ocrx_word' id='word_1_207' title='bbox 394 2063 583 2140; x_wconf 89' lang='lat' dir='ltr'>volubilisque</span> <span class='ocrx_word' id='word_1_208' title='bbox 597 2062 723 2135; x_wconf 86' lang='lat' dir='ltr'>fortuna,</span> <span class='ocrx_word' id='word_1_209' title='bbox 735 2069 857 2140; x_wconf 88' lang='lat' dir='ltr'>quantae</span> <span class='ocrx_word' id='word_1_210' title='bbox 871 2061 991 2121; x_wconf 86' lang='lat' dir='ltr'>infideli-</span> 
     </span>
     <span class='ocr_line' id='line_1_26' title="bbox 151 2142 989 2220; baseline -0.002 -18"><span class='ocrx_word' id='word_1_211' title='bbox 151 2150 225 2203; x_wconf 82' lang='lat' dir='ltr'>tates</span> <span class='ocrx_word' id='word_1_212' title='bbox 238 2143 268 2201; x_wconf 88' lang='lat' dir='ltr'>in</span> <span class='ocrx_word' id='word_1_213' title='bbox 283 2144 390 2216; x_wconf 87' lang='lat' dir='ltr'>amicis,</span> <span class='ocrx_word' id='word_1_214' title='bbox 401 2162 486 2220; x_wconf 89' lang='lat' dir='ltr'>quam</span> <span class='ocrx_word' id='word_1_215' title='bbox 503 2143 541 2206; x_wconf 87' lang='lat' dir='ltr'>ad</span> <span class='ocrx_word' id='word_1_216' title='bbox 554 2149 669 2220; x_wconf 88' lang='lat' dir='ltr'>tempus</span> <span class='ocrx_word' id='word_1_217' title='bbox 686 2148 769 2220; x_wconf 84' lang='lat' dir='ltr'>aptae</span> <span class='ocrx_word' id='word_1_218' title='bbox 786 2142 989 2214; x_wconf 85' lang='lat' dir='ltr'>simulationes,</span> 
     </span>
     <span class='ocr_line' id='line_1_27' title="bbox 152 2222 991 2302; baseline -0.005 -20"><span class='ocrx_word' id='word_1_219' title='bbox 152 2229 275 2302; x_wconf 88' lang='lat' dir='ltr'>quantae</span> <span class='ocrx_word' id='word_1_220' title='bbox 290 2223 321 2280; x_wconf 91' lang='lat' dir='ltr'>in</span> <span class='ocrx_word' id='word_1_221' title='bbox 337 2222 573 2300; x_wconf 84' lang='lat' dir='ltr'>periculisfugae</span> <span class='ocrx_word' id='word_1_222' title='bbox 592 2222 799 2300; x_wconf 85' lang='lat' dir='ltr'>proximorum,</span> <span class='ocrx_word' id='word_1_223' title='bbox 814 2228 936 2299; x_wconf 87' lang='lat' dir='ltr'>quantae</span> <span class='ocrx_word' id='word_1_224' title='bbox 956 2222 991 2279; x_wconf 92' lang='lat' dir='ltr'>ti·</span> 
     </span>
     <span class='ocr_line' id='line_1_28' title="bbox 151 2301 991 2380; baseline -0.001 -20"><span class='ocrx_word' id='word_1_225' title='bbox 151 2303 305 2362; x_wconf 82' lang='lat' dir='ltr'>miditates</span> <span class='ocrx_word' id='word_1_226' title='bbox 347 2302 419 2374; x_wconf 87' lang='lat' dir='ltr'>Erit,</span> <span class='ocrx_word' id='word_1_227' title='bbox 431 2303 485 2369; x_wconf 86' lang='lat' dir='ltr'>erit</span> <span class='ocrx_word' id='word_1_228' title='bbox 497 2302 570 2360; x_wconf 87' lang='lat' dir='ltr'>illud</span> <span class='ocrx_word' id='word_1_229' title='bbox 591 2301 723 2380; x_wconf 82' lang='lat' dir='ltr'>profecto</span> <span class='ocrx_word' id='word_1_230' title='bbox 743 2307 858 2377; x_wconf 90' lang='lat' dir='ltr'>tempus</span> <span class='ocrx_word' id='word_1_231' title='bbox 876 2308 905 2358; x_wconf 92' lang='lat' dir='ltr'>et</span> <span class='ocrx_word' id='word_1_232' title='bbox 929 2301 991 2359; x_wconf 92' lang='lat' dir='ltr'>illu-</span> 
     </span>
     <span class='ocr_line' id='line_1_29' title="bbox 152 2379 989 2460; baseline -0.002 -20"><span class='ocrx_word' id='word_1_233' title='bbox 152 2389 244 2442; x_wconf 84' lang='lat' dir='ltr'>cescet</span> <span class='ocrx_word' id='word_1_234' title='bbox 254 2382 408 2460; x_wconf 85' lang='lat' dir='ltr'>aliquando</span> <span class='ocrx_word' id='word_1_235' title='bbox 417 2382 464 2440; x_wconf 95' lang='lat' dir='ltr'>ille</span> <span class='ocrx_word' id='word_1_236' title='bbox 472 2382 542 2454; x_wconf 88' lang='lat' dir='ltr'>dies,</span> <span class='ocrx_word' id='word_1_237' title='bbox 550 2401 616 2440; x_wconf 89' lang='lat' dir='ltr'>oum</span> <span class='ocrx_word' id='word_1_238' title='bbox 626 2388 659 2440; x_wconf 91' lang='lat' dir='ltr'>tn</span> <span class='ocrx_word' id='word_1_239' title='bbox 670 2379 847 2453; x_wconf 85' lang='lat' dir='ltr'>salutaribus,</span> <span class='ocrx_word' id='word_1_240' title='bbox 855 2387 888 2438; x_wconf 95' lang='lat' dir='ltr'>ut</span> <span class='ocrx_word' id='word_1_241' title='bbox 899 2400 989 2458; x_wconf 89' lang='lat' dir='ltr'>spero,</span> 
     </span>
     <span class='ocr_line' id='line_1_30' title="bbox 151 2461 990 2538; baseline -0.004 -17"><span class='ocrx_word' id='word_1_242' title='bbox 151 2461 237 2522; x_wconf 87' lang='lat' dir='ltr'>rebus</span> <span class='ocrx_word' id='word_1_243' title='bbox 260 2462 326 2534; x_wconf 89' lang='lat' dir='ltr'>tuis,</span> <span class='ocrx_word' id='word_1_244' title='bbox 347 2462 398 2520; x_wconf 87' lang='lat' dir='ltr'>sed</span> <span class='ocrx_word' id='word_1_245' title='bbox 420 2462 542 2520; x_wconf 83' lang='lat' dir='ltr'>fortasse</span> <span class='ocrx_word' id='word_1_246' title='bbox 565 2467 649 2520; x_wconf 91' lang='lat' dir='ltr'>motu</span> <span class='ocrx_word' id='word_1_247' title='bbox 672 2461 769 2538; x_wconf 89' lang='lat' dir='ltr'>aliquo</span> <span class='ocrx_word' id='word_1_248' title='bbox 793 2461 990 2518; x_wconf 89' lang='lat' dir='ltr'>communium</span> 
     </span>
     <span class='ocr_line' id='line_1_31' title="bbox 151 2540 992 2620; baseline 0.002 -20"><span class='ocrx_word' id='word_1_249' title='bbox 151 2548 325 2620; x_wconf 89' lang='lat' dir='ltr'>temporum,</span> <span class='ocrx_word' id='word_1_250' title='bbox 338 2542 485 2620; x_wconf 89' lang='lat' dir='ltr'>quiquam</span> <span class='ocrx_word' id='word_1_251' title='bbox 499 2541 597 2600; x_wconf 86' lang='lat' dir='ltr'>crebro</span> <span class='ocrx_word' id='word_1_252' title='bbox 611 2541 722 2598; x_wconf 86' lang='lat' dir='ltr'>accidat</span> <span class='ocrx_word' id='word_1_253' title='bbox 736 2541 845 2618; x_wconf 82' lang='lat' dir='ltr'>experti</span> <span class='ocrx_word' id='word_1_254' title='bbox 859 2540 930 2598; x_wconf 89' lang='lat' dir='ltr'>scire</span> <span class='ocrx_word' id='word_1_255' title='bbox 944 2540 992 2602; x_wconf 52' lang='lat' dir='ltr'>dee.</span> 
     </span>
     <span class='ocr_line' id='line_1_32' title="bbox 151 2620 991 2698; baseline -0.002 -18"><span class='ocrx_word' id='word_1_256' title='bbox 151 2621 261 2693; x_wconf 90' lang='lat' dir='ltr'>bemus,</span> <span class='ocrx_word' id='word_1_257' title='bbox 280 2629 309 2679; x_wconf 87' lang='lat' dir='ltr'>et</span> <span class='ocrx_word' id='word_1_258' title='bbox 336 2621 501 2680; x_wconf 80' lang='lat' dir='ltr'>amicissimi</span> <span class='ocrx_word' id='word_1_259' title='bbox 524 2620 754 2680; x_wconf 88' lang='lat' dir='ltr'>benevolentiam</span> <span class='ocrx_word' id='word_1_260' title='bbox 779 2627 808 2678; x_wconf 87' lang='lat' dir='ltr'>et</span> <span class='ocrx_word' id='word_1_261' title='bbox 831 2620 991 2698; x_wconf 85' lang='lat' dir='ltr'>gravissimi</span> 
     </span>
     <span class='ocr_line' id='line_1_33' title="bbox 152 2700 992 2778; baseline -0.001 -19"><span class='ocrx_word' id='word_1_262' title='bbox 152 2701 279 2759; x_wconf 88' lang='lat' dir='ltr'>hominis</span> <span class='ocrx_word' id='word_1_263' title='bbox 289 2700 376 2760; x_wconf 86' lang='lat' dir='ltr'>fidem</span> <span class='ocrx_word' id='word_1_264' title='bbox 387 2709 416 2759; x_wconf 90' lang='lat' dir='ltr'>et</span> <span class='ocrx_word' id='word_1_265' title='bbox 429 2702 514 2760; x_wconf 89' lang='lat' dir='ltr'>unius</span> <span class='ocrx_word' id='word_1_266' title='bbox 523 2708 591 2778; x_wconf 87' lang='lat' dir='ltr'>post</span> <span class='ocrx_word' id='word_1_267' title='bbox 601 2701 733 2758; x_wconf 90' lang='lat' dir='ltr'>homines</span> <span class='ocrx_word' id='word_1_268' title='bbox 743 2707 827 2758; x_wconf 90' lang='lat' dir='ltr'>natos</span> <span class='ocrx_word' id='word_1_269' title='bbox 840 2700 992 2758; x_wconf 86' lang='lat' dir='ltr'>fortissimi</span> 
     </span>
     <span class='ocr_line' id='line_1_34' title="bbox 153 2779 991 2858; baseline -0.005 -18"><span class='ocrx_word' id='word_1_270' title='bbox 153 2781 207 2840; x_wconf 86' lang='lat' dir='ltr'>viri</span> <span class='ocrx_word' id='word_1_271' title='bbox 220 2781 450 2858; x_wconf 82' lang='lat' dir='ltr'>magnitudinem</span> <span class='ocrx_word' id='word_1_272' title='bbox 464 2781 554 2840; x_wconf 89' lang='lat' dir='ltr'>animi</span> <span class='ocrx_word' id='word_1_273' title='bbox 564 2779 714 2838; x_wconf 89' lang='lat' dir='ltr'>desideres.</span> <span class='ocrx_word' id='word_1_274' title='bbox 752 2779 797 2837; x_wconf 79' lang='lat'>70.</span> <span class='ocrx_word' id='word_1_275' title='bbox 810 2779 991 2856; x_wconf 74' lang='lat' dir='ltr'>Quamquam</span> 
     </span>
     <span class='ocr_line' id='line_1_35' title="bbox 152 2858 992 2939; baseline 0 -20"><span class='ocrx_word' id='word_1_276' title='bbox 152 2862 217 2939; x_wconf 91' lang='lat' dir='ltr'>quis</span> <span class='ocrx_word' id='word_1_277' title='bbox 233 2861 289 2919; x_wconf 89' lang='lat' dir='ltr'>hoo</span> <span class='ocrx_word' id='word_1_278' title='bbox 308 2860 412 2933; x_wconf 87' lang='lat' dir='ltr'>credat,</span> <span class='ocrx_word' id='word_1_279' title='bbox 428 2860 480 2918; x_wconf 81' lang='lat' dir='ltr'>Cn.</span> <span class='ocrx_word' id='word_1_280' title='bbox 491 2860 672 2937; x_wconf 85' lang='lat' dir='ltr'>Pompeium,</span> <span class='ocrx_word' id='word_1_281' title='bbox 684 2859 754 2918; x_wconf 91' lang='lat' dir='ltr'>iuris</span> <span class='ocrx_word' id='word_1_282' title='bbox 772 2859 888 2936; x_wconf 85' lang='lat' dir='ltr'>publici,</span> <span class='ocrx_word' id='word_1_283' title='bbox 903 2858 992 2920; x_wconf 82' lang='lat' dir='ltr'>moris</span> 
     </span>
     <span class='ocr_line' id='line_1_36' title="bbox 152 2939 992 3018; baseline -0.007 -18"><span class='ocrx_word' id='word_1_284' title='bbox 152 2942 303 3013; x_wconf 88' lang='lat' dir='ltr'>maiorum,</span> <span class='ocrx_word' id='word_1_285' title='bbox 314 2941 356 2999; x_wconf 92' lang='lat' dir='ltr'>rei</span> <span class='ocrx_word' id='word_1_286' title='bbox 369 2941 492 3018; x_wconf 86' lang='lat' dir='ltr'>denique</span> <span class='ocrx_word' id='word_1_287' title='bbox 506 2939 637 3017; x_wconf 89' lang='lat' dir='ltr'>publicae</span> <span class='ocrx_word' id='word_1_288' title='bbox 650 2939 865 3016; x_wconf 89' lang='lat' dir='ltr'>peritissimum,</span> <span class='ocrx_word' id='word_1_289' title='bbox 875 2956 940 2994; x_wconf 87' lang='lat' dir='ltr'>cum</span> <span class='ocrx_word' id='word_1_290' title='bbox 952 2957 992 2995; x_wconf 91' lang='lat' dir='ltr'>se-</span> 
     </span>
     <span class='ocr_line' id='line_1_37' title="bbox 152 3020 992 3091; baseline -0.006 -13"><span class='ocrx_word' id='word_1_291' title='bbox 152 3029 238 3080; x_wconf 87' lang='lat' dir='ltr'>natus</span> <span class='ocrx_word' id='word_1_292' title='bbox 252 3022 278 3080; x_wconf 87' lang='lat' dir='ltr'>ei</span> <span class='ocrx_word' id='word_1_293' title='bbox 289 3021 515 3091; x_wconf 67' lang='lat' dir='ltr'>commiserit&#39;ut</span> <span class='ocrx_word' id='word_1_294' title='bbox 526 3020 635 3078; x_wconf 88' lang='lat' dir='ltr'>videret</span> <span class='ocrx_word' id='word_1_295' title='bbox 649 3038 689 3076; x_wconf 81' lang='lat' dir='ltr'>uu</span> <span class='ocrx_word' id='word_1_296' title='bbox 705 3038 777 3083; x_wconf 78' lang='lat' dir='ltr'>curn</span> <span class='ocrx_word' id='word_1_297' title='bbox 793 3037 849 3075; x_wconf 78' lang='lat' dir='ltr'>aas</span> <span class='ocrx_word' id='word_1_298' title='bbox 864 3035 992 3076; x_wconf 73' lang='lat' dir='ltr'>ruamca</span> 
     </span>
     <span class='ocr_line' id='line_1_38' title="bbox 153 3096 992 3176; baseline 0 -18"><span class='ocrx_word' id='word_1_299' title='bbox 153 3119 339 3160; x_wconf 80' lang='lat' dir='ltr'>nurmuuurr</span> <span class='ocrx_word' id='word_1_300' title='bbox 350 3117 502 3158; x_wconf 76' lang='lat' dir='ltr'>curasan:</span> <span class='ocrx_word' id='word_1_301' title='bbox 525 3118 582 3176; x_wconf 95' lang='lat' dir='ltr'>quo</span> <span class='ocrx_word' id='word_1_302' title='bbox 593 3117 651 3155; x_wconf 91' lang='lat' dir='ltr'>uno</span> <span class='ocrx_word' id='word_1_303' title='bbox 662 3097 800 3156; x_wconf 80' lang='lat' dir='ltr'>versiculo</span> <span class='ocrx_word' id='word_1_304' title='bbox 812 3096 880 3154; x_wconf 89' lang='lat' dir='ltr'>satis</span> <span class='ocrx_word' id='word_1_305' title='bbox 891 3096 992 3158; x_wconf 78' lang='lat' dir='ltr'>arumti</span> 
     </span>
     <span class='ocr_line' id='line_1_39' title="bbox 153 3175 993 3257; baseline -0.007 -17"><span class='ocrx_word' id='word_1_306' title='bbox 153 3198 266 3257; x_wconf 85' lang='lat' dir='ltr'>semper</span> <span class='ocrx_word' id='word_1_307' title='bbox 273 3178 402 3238; x_wconf 88' lang='lat' dir='ltr'>eonsules</span> <span class='ocrx_word' id='word_1_308' title='bbox 408 3178 526 3237; x_wconf 82' lang='lat' dir='ltr'>fuerunt</span> <span class='ocrx_word' id='word_1_309' title='bbox 533 3178 620 3237; x_wconf 87' lang='lat' dir='ltr'>etiam</span> <span class='ocrx_word' id='word_1_310' title='bbox 627 3176 713 3236; x_wconf 90' lang='lat' dir='ltr'>nullis</span> <span class='ocrx_word' id='word_1_311' title='bbox 723 3177 810 3236; x_wconf 87' lang='lat' dir='ltr'>armis</span> <span class='ocrx_word' id='word_1_312' title='bbox 818 3175 905 3236; x_wconf 89' lang='lat' dir='ltr'>datis:</span> <span class='ocrx_word' id='word_1_313' title='bbox 915 3175 993 3250; x_wconf 77' lang='lat' dir='ltr'>huno</span> 
     </span>
    </p>
   </div>
   <div class='ocr_carea' id='block_1_5' title="bbox 0 0 1137 3418">
    <p class='ocr_par' dir='ltr' id='par_1_5' title="bbox 0 0 1137 3418">
     <span class='ocr_line' id='line_1_40' title="bbox 0 0 1137 3418; baseline 0 0"><span class='ocrx_word' id='word_1_314' title='bbox 0 0 1137 3418; x_wconf 95' lang='lat' dir='ltr'> </span> 
     </span>
    </p>
   </div>
  </div>
 </body>
</html>
