2262 3418
308 175 312 184 .
386 127 795 194 OAP.‘m‚xl11.,§aa-ae.
853 143 855 161 ²
964 135 1012 184 151

173 231 312 304 abiecisti,
323 238 356 290 tu
372 231 526 309 spoliatum
540 231 722 310 imaginibus,
735 214 884 311 exsequiis,
896 253 1012 313 pompa,

173 312 346 382 laudatione,
364 310 568 369 infelicissimis
591 311 678 390 lignis
701 312 930 386 semiustilatum,
947 335 1014 373 noc-

172 393 268 450 turnis
284 390 401 449 canibus
422 390 618 449 dilaniandum
638 391 785 470 reliquisti.
828 391 892 462 Qua
910 413 941 453 re
959 395 1012 453 etsi

173 471 282 530 nefarie
298 471 402 544 fecisti,
414 477 519 543 tamen,
532 471 668 548 quoniam
684 471 714 528 in
735 491 801 530 meo
817 473 935 532 inimico
952 494 1013 532 cru-

173 550 321 609 delitatem
334 551 546 629 vexprompsisti
565 557 654 624 tuam,
669 550 784 610 laudare
805 570 864 610 non
884 571 1010 630 possum,

172 630 256 688 irasci
266 637 346 689 certe
359 650 418 688 non
432 630 531 689 debeo.

214 714 260 768 34.
274 704 430 784 [Audietia
439 709 553 782 iudices,
564 717 705 784 quantum
718 709 813 768 Clodii
826 710 912 791 inter]
923 713 1012 772 fuerit

172 789 266 847 occidi
280 789 432 848 Milonem:
452 790 608 848 convertite
622 789 733 848 animos
746 810 823 848 nunc
836 792 960 850 vicissim
974 793 1012 850 ad
1094 819 1096 823 ·

173 866 319 928 Milonem
356 868 433 938 Quid
443 868 560 928 Milonis
573 870 709 928 intererat
722 870 844 929 interfici
857 871 1011 930 Clodium?

174 946 251 1017 Quid
267 949 327 1006 erat
343 969 394 1006 our
406 948 477 1007 Milo
494 968 553 1006 non
570 949 665 1008 dicam
681 951 854 1023 admitteret,
866 951 916 1009 sed
933 959 1012 1029 opta

172 1028 416 1088 reti—Obstabat
432 1029 462 1086 iu
480 1048 531 1106 spe
546 1030 711 1089 consulatus
724 1031 826 1088 Miloni
842 1031 1012 1090 Clodius.—

171 1107 216 1166 Ac
229 1127 264 1167 eo
277 1115 455 1186 repugnante
469 1107 563 1180 fiebat,
575 1109 666 1168 immo
680 1129 747 1168 vero
761 1130 795 1168 eo
809 1110 896 1168 fiebat
909 1111 1009 1188 magis,

173 1206 226 1244 nee
244 1207 291 1245 me
309 1188 496 1266 suffragatore
512 1188 629 1248 meliore
646 1189 779 1248 utebatur
795 1209 881 1268 quam
898 1190 1009 1249 Clodio.

173 1266 297 1326 Valebat
312 1267 390 1345 apud
406 1286 465 1340 voe,
477 1269 594 1341 iudices,
605 1269 723 1328 Milonis
743 1289 810 1347 erga
829 1289 876 1328 me
893 1289 1011 1347 remque

173 1345 317 1424 publicam
344 1348 512 1407 meritorum
536 1349 682 1421 memoria,
702 1349 835 1407 valebant
858 1368 955 1426 preces
982 1357 1011 1408 et

173 1425 305 1490 lacrimae
319 1435 441 1499 nostrae,
453 1428 557 1506 quibus
567 1448 622 1506 ego
632 1435 695 1486 tum
706 1447 757 1486 vos
770 1427 889 1486 mirifice
901 1428 1011 1486 moveri

173 1505 339 1578 sentiebam,
354 1507 405 1565 sed
421 1507 486 1585 plus
505 1509 598 1566 multo
618 1508 730 1566 valebat
749 1508 940 1586 periculorum
960 1509 1012 1565 im·

172 1585 361 1663 pendentium
378 1587 473 1647 timor.
515 1586 586 1656 Quis
600 1588 678 1647 enim
694 1595 754 1646 erat
768 1588 873 1646 civium
891 1589 940 1666 qui
957 1587 1012 1646 sibi

174 1664 297 1728 solutam
311 1666 344 1726 P.
353 1666 449 1726 Clodii
462 1674 623 1745 praeturam
640 1668 700 1726 sine
714 1667 841 1726 maximo
855 1687 948 1726 rernm
962 1687 1012 1725 no

173 1764 272 1804 varum
286 1754 367 1804 metu
379 1749 570 1825 proponeret?
607 1747 737 1806 Solutam
750 1755 846 1806 autem
860 1748 923 1806 fore
937 1748 1013 1806 vide·
1095 1761 1102 1772 ·

173 1823 257 1897 batis,
268 1826 325 1883 uisi
341 1833 415 1886 esset
428 1827 453 1884 is
466 1826 574 1898 consul,
587 1827 636 1905 qui
650 1847 713 1886 eam
729 1827 847 1886 auderet
859 1835 1013 1905 possetque

174 1905 376 1983 constringere.
406 1906 492 1964 ¹Ilum
508 1906 646 1965 Milonem
662 1927 752 1966 unum
769 1927 830 1964 esse
846 1927 912 1965 cum
929 1907 1013 1965 senti·

174 1991 219 2044 ret
234 1985 382 2047 universus
402 1986 527 2064 populus
542 1986 698 2058 Romanus,
711 1987 775 2065 quie
795 1987 940 2045 dubitaret
955 1987 1013 2044 suf-

173 2064 269 2142 fregio
284 2085 335 2122 suo
353 2073 486 2137 semetu,
498 2066 625 2144 periculo
642 2085 702 2124 rem
718 2065 863 2143 publicam
877 2066 1013 2125 liberaret

174 2143 217 2202 At
237 2164 322 2216 nunc,
334 2144 437 2203 Clodio
458 2152 578 2217 remoto,
589 2146 703 2204 usitatis
722 2145 781 2203 iam
801 2145 886 2203 rebus
906 2147 1014 2204 eniten-

55 2240 60 2247 ·
174 2223 245 2281 dum
262 2231 306 2282 est
319 2225 429 2297 Miloni,
441 2232 475 2284 ut
488 2231 602 2284 tueatur
615 2225 786 2303 dignitatem
800 2243 897 2283 suam:
919 2227 1014 2303 singu·

174 2303 241 2362 laris
262 2303 311 2362 illc
332 2311 361 2362 et
382 2303 449 2363 huic
470 2305 521 2363 uni
542 2323 675 2364 concessa
694 2305 794 2382 gloria,
812 2324 884 2382 quae
907 2305 1014 2363 cotidie

171 2383 332 2460 augebatur
345 2384 518 2462 frangendis»
524 2385 670 2442 furoribus
684 2383 839 2456 Clodianis,
848 2385 907 2442 iam
918 2384 1014 2442 Clodii
1068 2397 1070 2402 '

174 2470 268 2522 morte
282 2463 392 2522 cecidit.
428 2463 490 2523 Vos
504 2465 602 2542 adepti
615 2465 690 2536 estis,
702 2483 739 2522 ue
753 2483 838 2542 quem
853 2463 944 2522 civem
957 2484 1015 2522 me-

175 2543 309 2604 tueretis:
330 2543 378 2602 hic
397 2543 628 2603 exercitationem
645 2544 767 2616 virtutis,
780 2544 1014 2622 suffragationem

171 2622 347 2695 consulatus,
359 2623 471 2682 fontem
491 2643 645 2701 perennem
665 2623 773 2702 gloriae
793 2643 860 2684 suae
878 2615 1012 2702 perdidit

176 2700 278 2780 Itaque
294 2703 410 2761 Milonis
430 2703 603 2776 consulatus,
616 2704 665 2781 qui
683 2703 748 2761 vivo
769 2704 874 2762 Clodio
894 2703 1016 2762 labefac-

176 2782 231 2840 tari
247 2801 306 2840 nou
326 2789 447 2861 poterat,
464 2790 579 2842 mortuo
600 2784 724 2861 denique
744 2784 879 2861 temptari
896 2791 1015 2860 coeptus

177 2869 227 2919 est
263 2861 330 2920 Non
345 2863 432 2921 modo
447 2862 536 2940 igitur
548 2862 621 2922 nihil
631 2863 756 2940 prodest,
768 2863 818 2920 eod
832 2863 914 2921 obest
928 2863 1015 2920 etiam

177 2941 210 2999 P.
223 2940 319 3000 Clodii
338 2961 416 3000 mors
437 2942 546 3000 Miloni.
589 2949 635 3001 35.
650 2942 693 3001 At
713 2943 801 3000 valuit
822 2941 934 3013 odium,
945 2943 1016 3000 fecit

172 3020 274 3092 iratus,
285 3021 356 3080 fecit
370 3022 511 3093 inimicus,
522 3022 581 3080 fuit
594 3022 671 3092 ultor
683 3021 810 3093 iniuriae,
820 3021 954 3099 poenitor
966 3021 1017 3079 do-

175 3099 246 3162 loris
264 3100 316 3158 sui
358 3099 453 3170 Quidl
473 3102 497 3158 ei
515 3101 585 3159 haec
605 3121 662 3159 non
685 3101 750 3160 dico
770 3101 880 3158 maiora
898 3101 1016 3159 fuerunt

171 3177 209 3243 in.
223 3179 327 3240 Clodio
341 3199 427 3264 quam
440 3180 471 3242 iu
485 3179 602 3254 Milone,
617 3180 668 3242 sed
683 3180 717 3246 iu
730 3179 780 3246 illo
793 3179 926 3254 maxima,
937 3179 1016 3245 nulla
