2240 3418
347 565 391 630 M.
409 565 556 630 TULLII
576 564 809 628 CICERONIS

186 724 230 801 rr
260 724 301 800 u.
321 723 534 802 nrorruu
569 689 715 799 curuo
747 720 973 796 rnrnrnel

478 847 675 928 susurru.

406 1115 747 1169 ARGUMENTUM.

95 1237 99 1244 ·
189 1219 256 1270 Cum
272 1220 310 1270 M.
320 1217 409 1268 Cicero
425 1217 577 1280 superiorem
590 1216 730 1266 orationem
746 1214 881 1275 habuisset,
895 1214 933 1264 M.
943 1212 999 1263 An·

157 1286 239 1334 tonius
256 1286 282 1333 in
298 1284 383 1333 villam
396 1283 556 1332 Tiburtinam
572 1297 599 1330 se
615 1281 729 1341 contulit,
739 1290 768 1328 ut
784 1280 843 1344 quid
857 1279 999 1328 adversario

157 1350 315 1412 responderet
331 1357 613 1410 commemoratumque
632 1346 659 1394 in
677 1361 704 1394 re
722 1346 875 1408 consumpsit
892 1354 998 1406 septem-

157 1415 239 1466 decim
259 1415 319 1464 dies.
356 1414 389 1464 D.
401 1413 478 1463 XIII.
491 1413 620 1461 Kalendas
639 1411 761 1462 Octobres
781 1411 817 1459 M.
827 1411 954 1460 Antonius
972 1410 998 1458 in

158 1489 280 1542 senatum,
292 1480 335 1543 qui
352 1479 379 1527 in
397 1479 459 1528 aede
479 1477 634 1527 Concordiae
650 1476 797 1536 habebatur,
807 1475 882 1536 venit,
894 1476 998 1524 armatis

157 1547 269 1608 stipatus,
280 1544 351 1608 quasi
363 1544 413 1592 vim
424 1544 523 1592 timeret
535 1543 688 1593 denuntiatis
699 1551 758 1591 unte
767 1541 880 1591 Ciceroni
892 1541 998 1590 inimici-

156 1611 204 1660 tiis.
239 1611 303 1660 Cum
316 1609 403 1660 Cicero
416 1623 465 1656 non
479 1624 554 1656 ausus
567 1617 632 1656 esset
645 1623 675 1656 eo
689 1608 730 1656 die
740 1608 825 1657 venire
835 1607 861 1655 in
873 1615 994 1668 senatum,

157 1676 183 1725 in
200 1691 257 1724 eam
273 1676 403 1724 absentem
419 1675 580 1722 acerbissima
594 1675 706 1722 oratione
719 1674 832 1722 invectus
848 1682 902 1722 erat
915 1674 997 1721 Anto-

156 1741 219 1790 nius.
252 1741 300 1790 Cui
311 1740 417 1788 orationi
427 1739 563 1788 adversarii
575 1740 613 1788 sui
622 1739 710 1788 Cicero
718 1738 766 1788 hac
775 1739 867 1802 scripta
875 1738 995 1798 oratione,

126 1861 132 1874 1
157 1822 220 1871 quae
233 1806 299 1854 infra
312 1805 410 1867 legitur,
420 1805 559 1867 respondet,
572 1819 649 1867 qnam
665 1804 738 1864 fingit
754 1820 770 1852 a
786 1820 813 1854 se
827 1804 937 1853 habitam
951 1806 995 1862 ita,

157 1881 288 1934 tamquam
304 1871 325 1918 si
341 1885 457 1934 praesens
473 1869 599 1932 praesenti
618 1870 786 1933 responderet.
822 1869 856 1919 V.
871 1868 998 1919 Ciceronis

157 1937 193 1986 cal
202 1937 323 1999 Atticum,
333 1935 375 1984 lib.
386 1934 471 1996 XVI,
483 1949 521 1998 ep.
532 1937 571 1984 11.

197 2065 219 2124 I.
257 2070 283 2123 1.
301 2063 434 2133 Quonam
457 2082 524 2120 meo
548 2063 620 2134 fato,
637 2068 734 2140 patres
757 2063 920 2141 conscripti,
937 2062 999 2121 fieri

157 2146 251 2204 dicam
267 2152 301 2203 ut
319 2162 405 2202 nemo
422 2141 469 2199 his
486 2143 569 2200 annis
585 2143 690 2219 viginti
705 2143 747 2201 rei
763 2137 894 2220 publicae
911 2144 999 2200 fucrit

157 2224 249 2283 hostis
265 2224 315 2302 qui
331 2242 391 2280 non
407 2221 515 2280 bellum
531 2222 634 2281 eodem
650 2229 710 2280 tem
751 2242 780 2280 re
797 2222 870 2280 mihi
884 2241 998 2301 quoque

156 2303 311 2362 indixeriti
351 2303 413 2360 Nec
433 2322 501 2381 vero
520 2321 635 2360 necesse
656 2310 699 2360 est
739 2320 893 2378 uemquam
914 2321 931 2359 a
950 2321 998 2360 me

157 2384 316 2441 nominari:
337 2382 486 2440 vobiscum
500 2383 556 2459 ipsi
570 2382 777 2440 recordaminil
811 2381 884 2438 Mihi
895 2401 999 2459 poena·

156 2483 221 2521 rum
234 2462 277 2520 illi
286 2462 351 2540 plus
366 2481 452 2540 quam
466 2469 597 2540 optarem
612 2461 768 2520 dederunt:
789 2468 819 2520 te
832 2461 929 2533 miror,
939 2461 1000 2519 An·

156 2543 228 2615 toni,
241 2561 363 2621 quorum
374 2543 452 2600 facta
465 2542 585 2613 imitere,
597 2560 696 2599 eorum
707 2542 801 2600 exitus
813 2560 873 2598 non
884 2540 999 2619 perhor-

156 2642 271 2680 rescere.
310 2622 408 2700 Atque
424 2622 481 2700 hoc
497 2622 528 2678 in
547 2621 610 2678 aliis
625 2622 721 2678 minus
736 2620 867 2679 mirabar.
903 2620 998 2678 Nemo

157 2703 235 2760 enim
249 2702 363 2759 illorum
378 2702 512 2759 inimicus
525 2701 598 2759 mihi
612 2702 670 2759 fuit
684 2700 877 2759 voluntarius:
899 2719 998 2758 omnes

157 2801 175 2839 a
190 2801 237 2840 me
250 2783 291 2840 rei
305 2781 436 2860 publicae
453 2800 538 2839 causa
551 2780 682 2839 lacessiti.
725 2780 770 2838 Tu
784 2799 821 2838 ne
835 2779 923 2837 verbo
938 2780 999 2858 qui-

158 2861 225 2918 dem
246 2861 376 2932 violatus,
392 2867 425 2918 nt
448 2861 584 2919 audacior
607 2879 693 2938 quam
716 2858 848 2931 Catilina,
863 2856 999 2916 furiosior

159 2959 245 3018 quam
256 2940 375 2998 Clodius
386 2941 521 3011 viderere,
530 2940 606 2998 ultro
617 2958 664 2998 me
677 2938 837 2997 maledictis
851 2937 996 3010 lacessisti,

157 3026 294 3098 tuamque
307 3039 381 3078 ame
391 3019 592 3078 alienationem
606 3018 885 3077 commendationem
896 3017 950 3075 tibi
961 3017 998 3076 ad

157 3099 264 3177 impios
272 3100 347 3157 cirea
354 3100 418 3156 fore
425 3099 570 3177 putavisti.
594 3097 836 3175 ‘2.Quidputemi
852 3104 999 3175 contemp·

157 3179 329 3238 tumnemei
358 3176 998 3255 Nonvideonecinvitaneoingratianecin
