2240 3418
110 113 159 168 274
188 113 228 162 IN
246 113 282 164 M.
296 114 493 170 ANTONIUM
509 114 644 169 ORATIO
660 115 874 170 PHILIPPICA
889 117 926 168 11.

110 213 164 270 tim
179 213 307 290 posthac,
319 214 391 272 mihi
406 215 496 287 crede,
508 215 545 273 ad
557 215 701 294 hocopus
717 224 845 280 curretur
858 237 951 296 neque

111 293 268 355 occasionis
282 294 400 352 tarditas
414 295 631 372 exspectabitur.
870 298 876 306 '

121 413 122 416 η
151 373 281 450 Respice,
293 393 406 451 quaese,
418 374 572 452 aliquando
588 396 648 434 rem
670 375 823 454 publicam,
840 376 879 436 M.
891 377 951 435 Au-

110 453 192 510 tonit
218 453 323 530 quibus
346 461 426 512 ortus
449 455 496 525 sis,
511 474 569 512 non
591 455 761 533 quibuscum
782 457 861 514 vivas
885 469 951 514 con-

110 531 220 598 sidera:
249 552 370 605 mecum,
386 541 418 592 ut
438 535 533 596 voles:
557 536 619 593 redi
643 555 718 600 cum,
733 555 763 594 re
784 536 900 613 publica
920 537 950 594 in

110 613 240 688 gratiam.
286 613 344 671 Sed
360 613 403 671 'de
426 621 456 672 te
479 621 513 672 tu
535 615 658 674 videris:
680 635 734 693 ego
757 615 793 673 de
817 617 950 693 meipso

110 691 272 769 profitebor.
314 693 443 752 Defendi
463 714 523 756 rcrn
543 694 688 772 publicam
708 694 880 767 adolescens,
892 715 951 753 non

111 771 238 840 deseram
266 791 370 832 senex:
398 775 559 852 contempsi
584 774 725 833 Catilinae
751 774 871 852 gladios,
892 794 951 832 uon

109 852 309 928 pertimescam
326 860 400 912 tuos.
438 852 516 922 Quin
538 855 624 912 etiam
645 873 748 932 corpus
765 854 887 912 libenter
902 854 952 912 ob-

110 932 234 1004 tulerim,
244 933 268 989 si
285 934 489 1012 repraesentari
504 941 598 992 morte
614 953 679 992 mea
695 933 810 992 libertas
827 935 951 992 civitatis

110 1018 223 1088 potest:
247 1017 312 1070 119.
328 1020 361 1071 ut
377 1012 531 1090 aliquando
549 1012 632 1072 dolor
647 1013 748 1091 populi
763 1014 887 1071 Romani
903 1032 952 1090 pa-

110 1092 172 1163 riat,
185 1092 265 1169 quod
280 1093 338 1150 iam
360 1093 410 1150 diu
426 1093 566 1170 parturit!
608 1093 724 1152 Etenim
741 1094 766 1151 si
782 1093 887 1151 abhinc
903 1113 952 1150 au-

110 1190 163 1228 nos
179 1191 269 1252 prope
286 1173 390 1250 viginti
406 1173 462 1230 hoc
482 1173 546 1250 ipso
567 1173 597 1232 in
618 1173 727 1250 templo
747 1174 852 1251 negavi
867 1192 951 1250 posse

110 1260 232 1311 mortem
260 1253 444 1311 immaturam
469 1272 529 1310 esse
556 1253 706 1324 consulari,
726 1260 836 1330 quanto
858 1253 951 1310 verius

110 1350 187 1390 nunc
200 1333 312 1410 negabo
327 1333 408 1391 senil
441 1332 515 1390 Mihi
525 1352 601 1406 vero,
611 1339 707 1409 patres
720 1333 883 1410 conscripti,
893 1333 951 1390 ianr

110 1411 196 1469 etiarn
222 1413 350 1489 optanda
370 1431 447 1470 mors
471 1420 522 1482 est,
537 1406 690 1490 perfuncto
712 1412 796 1471 rebus
816 1413 861 1484 iis,
879 1432 951 1489 quas

110 1490 231 1568 adeptus
247 1511 310 1550 sum
328 1511 454 1570 quasque
470 1493 553 1569 gessi.-
595 1492 664 1556 Duo
678 1492 767 1550 modo
783 1492 853 1551 baec
870 1501 949 1570 opto,

110 1589 209 1642 nuum,
221 1579 254 1629 ut
267 1573 392 1630 moriens
405 1572 547 1650 populum
558 1571 722 1630 Romanurn
733 1572 854 1654 liberum
869 1572 952 1630 relin-

111 1651 293 1726 quam-hoc
315 1652 387 1709 mibi
408 1653 501 1710 maius
524 1651 561 1709 ab
586 1651 631 1711 dis
655 1651 866 1710 immortalibus
889 1651 951 1708 dari

110 1729 182 1786 nihil
196 1731 461 1808 potest-alterum,
473 1739 506 1790 ut
520 1733 561 1792 ita
575 1734 677 1813 cuique
691 1733 813 1804 eveniat,
825 1739 857 1791 ut
871 1730 907 1790 de
921 1750 951 1792 re

110 1809 226 1886 publica
239 1811 359 1889 quisque
374 1819 522 1872 mereatur.
