2262 3412
431 128 511 181 car.
528 127 631 190 u-1v.,
648 126 735 188 §2-7.
764 107 777 122 '
972 128 1007 178 4³

166 231 274 292 lentesl
299 250 385 310 quam
404 229 532 289 nobilest
579 228 633 288 HI.
677 234 703 288 5.
726 228 827 306 Itaque
849 247 903 307 ego
923 227 1005 288 illum

167 313 323 371 exercitum
347 318 377 369 et
398 310 552 368 Gallicanis
575 308 737 386 legionibus
760 316 790 366 et
811 309 866 366 hcc
888 308 1004 382 dilectu,
1043 335 1047 343 ·

167 412 254 470 quem
269 393 300 449 in
316 409 386 468 agro
402 390 510 448 Piceno
529 395 559 447 et
574 389 684 447 Gallico
701 387 879 458 QMetellus
894 388 1004 462 habuit,

166 472 250 530 ethis
260 471 359 549 copiis,
368 469 557 548 quaeanobis
567 468 673 528 cotidie
683 475 891 546 comparantur,
899 487 1006 546 magno
1023 487 1044 526 t

167 571 253 629 opere
269 557 431 646 contfflno,
444 549 595 608 collectum
612 568 647 607 ex
664 547 778 606 senibus
794 548 958 625 desperatis,
971 568 1006 606 ex

166 633 271 710 agresti
291 630 410 702 11111111,
428 649 463 688 ex
483 629 597 688 rusticis
616 627 823 715 deteget-opibus,
841 647 876 685 ex
896 628 940 699 iis,
955 629 1006 705 qui

166 711 330 769 vadimonia
340 711 467 769 deserere
476 728 562 788 quam
571 709 652 767 illum
663 707 819 767 exercitum
829 706 1005 765 maluenmt:

167 791 271 868 quibus
280 811 335 869 ego
344 811 404 849 non
414 790 503 848 modo
514 790 538 848 si
548 789 640 848 aciem
649 789 788 846 exercitus
798 787 897 858 nostri,
907 805 1006 844 verum

166 872 254 929 etiam
265 872 289 929 si
297 872 423 930 edictum
432 869 570 948 praetoris
582 869 733 928 ostendero
743 867 903 926 concident.
932 866 1005 938 Hos,

166 970 238 1028 quos
258 952 343 1010 video
363 951 481 1009 volitare
501 951 532 1007 in
552 951 626 1021 loro,
645 968 717 1026 quos
737 955 810 1006 stare
831 947 869 1006 ad
888 947 1005 1019 curiam,

166 1050 238 1108 quos
255 1032 343 1089 etiam
358 1031 389 1088 in
406 1037 537 1088 senatum
550 1030 654 1100 venire,
666 1029 716 1106 qui
732 1029 826 1087 nitent
842 1027 1004 1105 unguentis,

93 1179 95 1187 y
156 1111 217 1187 *qui
241 1110 358 1187 fulgent
383 1129 517 1186 purpura,
539 1109 653 1166 mallem
684 1127 780 1166 secum
807 1126 873 1166 suos
899 1107 1007 1164 milites

166 1189 326 1253 eduxisset:
355 1189 405 1266 qui
429 1188 453 1244 si
476 1188 524 1245 hie
547 1194 725 1264 permanent,
744 1193 919 1244 mementote
946 1206 1006 1244 non

126 1269 128 1282 '
165 1275 227 1326 tam
244 1268 399 1326 exercitum
414 1266 496 1325 illum
512 1287 573 1326 esse
588 1265 673 1325 nobis
689 1285 775 1344 quam
791 1266 852 1338 hos,
865 1266 914 1343 qui
931 1285 1007 1324 exer-

166 1349 257 1407 citum
273 1349 466 1420 deseruerunt,
477 1346 728 1424 pertimescendos.
768 1345 867 1422 Atque
883 1345 939 1402 hoc
956 1346 1007 1403 eti·
1043 1389 1050 1405 .

166 1449 213 1487 am
228 1435 295 1488 sunt
308 1427 430 1487 timendi
443 1428 544 1506 magis,
556 1427 635 1505 quod
648 1426 719 1504 quid
732 1425 861 1504 cogitent
875 1444 922 1483 ms
935 1425 1006 1483 scire
1019 1375 1032 1472 l

166 1511 301 1581 sentiunt,
316 1528 409 1587 neque
428 1513 524 1566 tamen
541 1512 766 1585 permoventur.=
795 1511 822 1565 6.
844 1505 940 1564 Video
959 1506 1006 1564 cui

166 1591 204 1646 sit
212 1589 320 1667 Apulia
329 1588 474 1660 attributa,
483 1588 547 1665 quis
557 1587 661 1645 habeat
669 1586 822 1656 Etruriam,
831 1585 894 1663 quis
905 1604 1006 1662 agrum

165 1669 314 1741 Picenum,
324 1669 389 1747 quie
402 1668 552 1738 Gallicum,
563 1667 627 1744 quis
640 1666 695 1724 sibi
709 1665 761 1724 has
775 1665 895 1724 urbanas
908 1665 1006 1722 insidi-

166 1769 197 1806 as
218 1749 312 1807 caedis
336 1756 422 1826 atque
446 1747 647 1805 incendiorum
667 1746 883 1823 depoposcerit:
909 1745 1006 1803 omnia

166 1829 319 1906 superioris
332 1829 426 1888 noctis
440 1826 558 1885 consilia
571 1827 665 1884 adme
678 1825 774 1884 delata
786 1844 846 1883 esse
860 1826 1004 1883 sentiunt:

165 1909 290 1986 patefeci
303 1909 334 1965 in
351 1914 451 1966 senatu
466 1906 600 1964 hesterno
617 1905 680 1964 die:
702 1905 827 1963 Catilina
842 1905 904 1982 ipse
920 1903 1006 1982 perti·

165 1989 248 2060 muit,
263 1988 412 2064 profugit:
434 1986 466 2044 hi
486 1985 558 2063 quid
578 1986 762 2062 exspectanti
802 1984 847 2042 Ne
865 1984 907 2042 illi
923 1985 1006 2042 vehe-

165 2074 277 2125 menter
298 2073 401 2137 errant,
421 2065 445 2123 si
467 2064 546 2122 illam
569 2083 664 2124 meam
685 2065 836 2142 pristinam
857 2063 1005 2124 lenitatem

166 2153 334 2224 perpetuam
348 2152 464 2223 sperant
475 2146 612 2203 futuram.

172 2261 174 2267 ·
206 2225 259 2284 IV.
281 2224 367 2294 Quod
387 2225 557 2302 exspectavi,
572 2225 630 2282 iam
649 2243 712 2282 sum
732 2224 890 2297 adsecutus,
905 2230 939 2282 ut
954 2245 1006 2284 vos

166 2324 266 2363 omnes
279 2306 387 2363 factam
401 2324 462 2364 esse
476 2311 572 2383 aperte
586 2305 813 2364 coniurationem
829 2311 929 2363 contra
944 2324 1005 2363 rem

165 2385 310 2463 publicam
320 2385 472 2444 videretis:
493 2385 549 2442 nisi
559 2403 626 2444 vero
637 2385 661 2442 si
672 2384 736 2462 quis
749 2391 793 2444 est
804 2385 854 2462 qui
864 2383 1005 2444 Catilinae

165 2464 273 2524 similes
286 2485 353 2524 cum
363 2465 487 2524 Catilina
501 2465 605 2524 sentire
617 2482 677 2522 non
687 2471 779 2542 putet.
815 2464 883 2523 Non
893 2472 937 2523 est
947 2466 1005 2524 iam

165 2546 278 2604 lenitati
291 2545 386 2604 locus:
408 2545 587 2604 severitatem
603 2564 648 2604 res
663 2545 727 2622 ipsa
742 2544 862 2622 flagitat.
903 2545 1005 2605 Unum

165 2627 253 2684 etiam
266 2644 343 2684 nunc
357 2626 528 2684 concedam:
550 2632 660 2698 exeant,
672 2623 895 2702 proficiscantur,
907 2645 943 2684 ne
957 2645 1006 2702 pa·
1050 2669 1057 2678 .

165 2705 275 2764 tiantur
294 2705 435 2764 desiderio
457 2707 502 2769 sui
521 2704 676 2764 Catilinam
695 2706 832 2763 miserum
852 2704 1003 2764 tabescere.

165 2785 378 2858 Demonstrabo
394 2786 464 2843 iter:
485 2784 603 2844 Aurelia
616 2785 662 2844 via
677 2785 824 2863 profectus
840 2792 899 2844 est:
921 2786 946 2843 si
957 2805 1006 2848 ,ac-
1086 2787 1090 2793 '

80 2865 286 3004 mppelippue
310 2865 416 2937 volent,
435 2865 473 2923 ad
495 2883 643 2942 vesperam
670 2855 955 2951 consequentursl.
978 2864 1005 2924 O

75 2992 81 3002 ,
181 2965 198 3002 o

226 2952 420 3029 unatam‘rem
436 2944 589 3022 publicam,
602 2945 627 3002 si
641 2945 760 3022 quidem
772 2946 845 3003 hanc
863 2943 1004 3002 sentinam

160 3025 246 3082 ‘urbis
269 3025 399 3084 eiecerit!
440 3025 510 3084 Uno
533 3024 694 3082 mehercule
718 3023 843 3082 Catilina
866 3023 1005 3082 exhausto

166 3104 290 3164 relevata
304 3105 378 3163 mihi
392 3111 423 3163 et
435 3111 561 3163 recreata
576 3123 621 3162 res
636 3103 885 3182 publica-videtur.
927 3101 1006 3172 Quid

73 3184 75 3189 ’
166 3185 245 3243 enim
261 3185 333 3266 m&
343 3191 393 3283 aut
406 3185 518 3244 sceleris
531 3183 602 3262 fingi
616 3191 667 3244 aut
682 3184 913 3334 &ww
927 3183 1006 3262 quod

756 3281 776 3338 e

209 3277 266 3402 ll*
318 3275 452 3385 ltldi
503 3295 567 3362 lx,
725 3324 740 3392 s
