2240 3418
373 137 452 189 aar.
468 137 625 201 xn-mrr,
642 136 761 198 car-ae.
902 140 905 144 ·
938 142 991 190 aaa

146 247 227 301 metu
239 237 380 318 liberata],
391 245 421 297 te
435 239 554 296 domum
570 239 721 316 recepisti?
761 238 852 298 Cuius
868 240 985 315 ordinis,

147 322 227 381 cuius
237 320 357 398 generis,
365 319 445 378 cuius
455 319 579 396 denique
588 319 721 377 fortunae
732 319 827 377 studia
835 325 898 378 tum
909 321 987 380 laudi

147 407 177 459 et
192 399 376 478 gratulationi
393 406 459 458 tuae
476 409 505 457 'se
521 418 580 457 non
597 399 782 458 obtulerunt?
822 400 899 469 Quin
914 403 986 460 mihi

147 481 243 551 ctiam,
255 499 313 557 quo
330 486 444 537 auctore
457 485 487 536 te
502 478 533 536 in
549 478 596 536 his
611 479 696 538 rebus
710 479 753 537 uti
767 479 986 554 arbitrabantur,

146 567 177 618 et
197 561 303 636 gratias
322 559 392 616 boni
411 558 465 616 viri
484 556 613 635 agebant.
629 566 659 617 et
678 565 731 618 tuo
755 561 872 619 nomine
892 570 987 638 gratu-

146 639 287 697 labantur·
323 638 490 709 Recordare,
509 657 622 715 quaeso,
640 638 797 714 Dolabella,
816 660 986 699 consensum

90 747 92 752 ·
146 719 228 777 illurn
244 718 358 790 theatri,
369 736 435 775 cum
452 736 552 775 omnes
572 737 670 776 earum
686 739 780 778 rerum
797 720 889 792 obliti,
900 740 986 798 prop

146 807 190 858 ter
203 807 275 876 quas
286 799 401 855 fuerant
411 797 466 855 tibi
480 798 592 870 offensi,
604 799 796 877 significarent
807 819 836 858 se
847 799 985 859 beneficio

145 897 223 936 novo
235 878 404 935 memoriam
418 877 521 935 veteris
535 878 643 937 doloris
655 880 798 938 abiecisse.
842 887 888 938 31.
900 881 986 938 Hanc

145 965 187 1031 tu,
203 958 236 1016 P.
247 956 544 1034 Dolabella—magno
565 959 668 1037 loquor
687 979 754 1018 cum
774 960 986 1018 dolore—hano

145 1046 187 1108 tu,
198 1038 326 1114 inquam,
337 1036 459 1114 potuisti
473 1057 564 1116 aequo
578 1039 675 1097 animo
689 1046 799 1097 tantam
814 1039 985 1117 dignitatern

145 1117 307 1198 deponeret
347 1116 432 1175 ΧΠΙ.
450 1117 496 1176 Tu
516 1125 621 1190 autem,
636 1119 676 1178 M.
685 1118 986 1184 Antoni—absentem

145 1197 223 1254 enim
240 1195 485 1274 appello-uuum
500 1198 582 1256 illum
595 1199 681 1271 diem,
694 1217 751 1276 quo
764 1199 795 1256 in
812 1199 881 1256 aede
895 1198 987 1256 Tellu-

30 1277 38 1286 '
145 1276 184 1334 ris
205 1285 320 1335 senatus
339 1276 406 1350 fuit,
417 1296 477 1336 non
498 1278 632 1336 omnibus
651 1278 697 1336 his
716 1277 871 1349 mensibus,
883 1278 987 1355 quibus

145 1364 175 1414 te
190 1356 307 1434 quidam
317 1357 440 1416 multum
452 1377 526 1416 ame
536 1358 736 1417 dissentientes
746 1357 862 1416 beatum
873 1365 985 1436 putant,

146 1437 316 1513 anteponisl
357 1437 437 1507 Quae
453 1438 511 1497 fuit
524 1438 617 1496 oratio
633 1438 669 1496 de
686 1437 857 1496 concordial
878 1444 986 1514 quanto

146 1523 228 1574 metu
241 1517 345 1575 veteris
359 1517 438 1590 mali,
450 1525 557 1596 quauta
572 1516 764 1575 sollicitudine
778 1517 879 1575 civitas
891 1525 954 1574 tum
969 1537 986 1574 a

147 1602 177 1653 te
192 1595 312 1654 liberata
327 1604 378 1669 est,
390 1617 455 1656 cum
477 1597 615 1675 collegam
631 1603 714 1655 tuum
735 1597 874 1674 depositis
893 1593 987 1654 inimi-

147 1675 223 1734 citiis
245 1675 352 1735 oblitus
374 1677 565 1756 auspiciorum
587 1697 605 1736 a
625 1685 655 1736 te
674 1677 739 1755 ipso
759 1695 866 1754 augure
886 1676 987 1755 populi

147 1755 272 1815 Romani
290 1757 489 1815 nuntiatorum
504 1757 555 1816 illo
571 1758 697 1836 primum
713 1757 761 1815 die
777 1756 915 1834 collegam
932 1757 986 1814 tibi

147 1856 208 1895 esse
228 1836 353 1908 voluisti,
364 1844 432 1895 tuus
451 1856 555 1914 parvus
575 1837 650 1895 filius
671 1838 702 1894 in
723 1836 900 1914 Capitolium
920 1856 938 1894 a
957 1843 987 1894 te

147 1917 251 1975 missus
264 1917 343 1994 pacis
357 1916 439 1974 obses
453 1917 517 1975 fuit
554 1923 600 1975 32.
613 1917 677 1987 Quo
692 1924 806 1974 senatus
819 1915 866 1975 die
877 1916 1000 1988 laetior„
1081 1971 1082 1976 ,

148 1996 339 2074 quopopulus
349 1995 513 2054 Romanusl
533 1997 583 2074 qui
597 1997 713 2074 quidem
724 1996 802 2054 nulla
811 1996 842 2053 iu
853 1996 987 2054 contione
1011 2065 1016 2080 ι

147 2095 285 2154 umquam
299 2076 478 2156 frequentior
487 2076 552 2136 fuit
587 2075 662 2134 Turn
677 2075 800 2154 denique
814 2075 925 2133 liberati
936 2095 988 2152 per
1010 2099 1012 2103 ’

147 2157 225 2215 viros
245 2156 420 2214 fortissimos
439 2156 615 2227 videbamur,
627 2155 702 2235 quia,
713 2161 747 2212 ut
765 2154 807 2212 illi
825 2154 985 2226 voluerunt,

147 2236 309 2295 libertatem
323 2255 379 2313 pax
392 2236 625 2314 consequebatur.
666 2234 813 2306 Proximo,
825 2233 922 2305 altero,
934 2242 988 2292 ter-

147 2317 199 2388 tio,
209 2316 333 2394 denique
343 2315 459 2394 reliquis
469 2316 629 2376 consecutis
639 2314 739 2373 diebus
749 2333 808 2371 non
818 2313 988 2371 intermitte

147 2395 199 2454 bas
210 2395 291 2474 quasi
301 2396 411 2454 donum
422 2395 538 2473 aliquod
552 2395 657 2454 cotidie
668 2395 779 2454 adferre
789 2394 830 2452 rei
841 2393 986 2470 publicae:

147 2475 306 2533 maximum
328 2483 423 2533 autern
440 2475 519 2548 illud,
532 2475 611 2553 quod
626 2475 784 2533 dictaturae
803 2492 910 2531 nomen
929 2491 988 2529 sus-

147 2555 248 2613 tulisti.
291 2554 372 2613 Haec
388 2555 484 2612 inusta
504 2563 547 2614 est
565 2574 582 2613 a
601 2561 669 2625 te‚a
684 2561 721 2626 te,
733 2555 860 2632 inquam,
872 2560 988 2610 mortuo
1029 2579 1032 2583 ·

147 2634 263 2694 Caesari
276 2643 347 2692 note
359 2634 397 2692 ad
409 2635 598 2712 ignominiam
613 2635 823 2711 sempiternam.
855 2633 899 2691 Ut
910 2633 988 2692 enim

169 2721 267 2791 ropter
282 2715 368 2772 unius
384 2714 423 2773 M.
434 2714 534 2773 Manlii
551 2713 642 2774 scelus
662 2715 777 2772 decreto
795 2713 890 2790 gentis
910 2712 988 2769 Man-

147 2733 203 2852 liae
219 2795 364 2852 neminem
380 2795 533 2872 patricium
550 2793 689 2852 Manlium
703 2793 832 2850 Marcum
845 2792 940 2850 vocari
956 2791 988 2848 li·

148 2879 202 2945 cet,
212 2873 253 2931 sic
266 2881 299 2931 tu
312 2883 432 2954 propter
444 2875 529 2932 unius
543 2874 691 2932 dictatoris
705 2873 804 2930 odium
815 2890 923 2930 nomeu
931 2870 987 2929 dic·

147 2952 249 3011 tatoris
271 2953 404 3012 funditus
426 2953 573 3013 sustulisti.
617 2959 663 3011 33.
679 2953 758 3011 Num
778 2959 815 3024 tc,
831 2969 897 3009 cum
919 2949 988 3008 haec

147 3049 202 3109 pro
215 3031 306 3091 salute
319 3034 360 3092 rei
374 3033 505 3111 publicae
519 3041 600 3092 tauta
612 3033 754 3111 gessisses,
766 3032 899 3089 fortunae
912 3037 987 3101 tuae,

148 3130 218 3170 uum
232 3112 440 3190 amplitudinis,
450 3133 521 3171 num
534 3113 678 3184 claritatis,
691 3131 760 3170 num
771 3111 878 3193 gloriae
891 3109 987 3188 poeni·
1052 3167 1055 3172 .

148 3190 246 3253 tobati
274 3191 362 3254 Unde
376 3193 465 3272 igitur
478 3192 574 3252 subito
588 3200 669 3252 tanta
682 3193 737 3251 ista
749 3191 890 3251 mutatiol
920 3189 949 3250 N
950 3208 986 3247 ou
