2262 3418
119 123 155 173 su
316 121 387 175 ruo
403 125 433 176 n.
448 117 604 176 nunaut
620 111 764 178 ornum.
821 149 836 194 ς

70 284 74 292 ,
121 224 218 296 sarius,
228 226 352 302 equestri
363 225 457 282 ordini
467 226 593 284 restituit
604 245 663 284 non
678 227 770 285 solum
781 227 961 306 dignitatem,

121 304 271 362 sedetiam
286 305 471 382 voluptatem.
513 305 614 384 Itaque
630 307 675 364 lex
692 307 771 379 haec,
783 327 855 385 quae
871 309 909 366 ad
921 309 963 366 lu-

120 383 173 440 dos
187 384 319 460 pertinet,
331 391 373 442 est
387 385 517 443 omnium
531 387 700 462 gratissima,
711 387 789 464 quod
799 388 963 446 honestissi-

119 481 169 519 mo
184 463 278 520 ordini
289 483 354 522 cum
369 465 519 542 splendore
530 465 641 524 fructus
652 486 765 544 quoque
775 467 962 526 iucunditatis

120 549 163 600 est
177 544 332 602 restitutus.
369 544 432 614 Qua
442 565 472 602 ra
483 545 626 604 delectant
636 546 776 618 homines,
786 548 859 604 mihi
869 548 960 620 crode,

119 621 189 695 ludi,
202 624 289 682 etiam
305 625 378 696 illos,
391 625 439 703 qui
456 625 646 698 dissimulant,
657 646 715 684 non
733 627 825 684 solum
842 647 899 700 eos,
912 629 962 706 qui
1001 647 1004 653 ·

64 727 65 732 ¹
119 703 264 762 fatentur:
290 705 368 782 quod
389 725 443 782 ego
464 705 495 762 in
515 725 580 764 mea
599 707 739 784 petitione
760 707 843 765 sensi.
885 707 960 765 Nam
1031 749 1038 760 .

119 801 173 840 nos
185 803 298 862 quoque
307 785 459 849 habuimus
470 805 599 843 scaenam
611 787 846 864 competitricem.
876 786 962 856 Quod
999 817 1006 834 ι

120 863 144 920 si
163 883 226 940 ego,
242 865 291 941 qui
310 865 402 922 trinos
419 863 504 922 ludos
522 866 621 923 aedilis
639 866 772 938 feceram,
787 874 883 924 tamen
902 867 962 924 An·

119 944 194 1000 touii
207 943 282 1001 ludis
299 945 507 1017 commovebar,
518 945 580 1018 tibi,
593 947 643 1023 qui
657 965 723 1004 casu
737 946 831 1004 nullos
844 947 959 1018 feceras,

119 1023 192 1079 nihil
216 1023 301 1081 huius
328 1025 413 1082 istam
437 1025 537 1102 ipsam,
558 1044 644 1103 quam
668 1026 777 1098 irrides,
797 1034 960 1104 argenteam

120 1121 249 1160 scaenam
265 1104 440 1162 adversatam
454 1106 557 1183 putasl
597 1111 644 1163 41.
667 1105 725 1163 Sed
738 1105 808 1164 haec
822 1126 889 1164 saue
903 1108 961 1164 sint

119 1183 199 1260 paria
215 1184 328 1242 omnia:
351 1185 388 1242 sit
404 1204 456 1262 par
471 1185 594 1243 forensis
613 1205 699 1262 opera
715 1185 840 1256 militari,
856 1187 894 1244 sit
909 1206 962 1264 par

119 1263 236 1320 militari
254 1265 420 1342 suffragatio
436 1265 553 1336 urbana,
568 1266 605 1323 sit
622 1265 699 1324 idem
715 1265 961 1342 magnificentissi-

118 1361 183 1399 mos
196 1350 230 1401 ct
248 1343 342 1401 nullos
360 1363 497 1422 umquam
515 1345 618 1404 fecisse
636 1345 736 1403 ludos:
756 1345 836 1422 quid,
851 1346 882 1402 in
894 1346 961 1424 ipsa

118 1430 251 1514 praetura
264 1424 373 1482 nihilne
387 1425 533 1482 existimas
542 1425 617 1484 inter
626 1431 707 1482 tuam
721 1432 751 1483 et
760 1425 843 1482 istius
854 1433 960 1484 sortem

118 1503 300 1561 mterluissel

159 1582 228 1640 XX.
244 1582 340 1639 Huius
356 1602 417 1640 sors
427 1603 466 1642 ea
481 1584 547 1656 brit,
560 1603 646 1661 quam
663 1603 763 1642 omnes
776 1585 820 1642 tui
836 1605 961 1644 necessa-

117 1662 153 1722 rii
177 1661 231 1720 tibi
256 1663 434 1739 optabamus,
453 1664 523 1720 iuris
547 1664 681 1722 dicundi:
706 1664 737 1722 in
760 1683 815 1742 qua
838 1664 959 1742 gloriam

118 1741 252 1800 conciliat
262 1743 433 1819 magnitudo
447 1744 566 1821 negotii,
575 1745 697 1821 gratiam
712 1745 864 1822 aequitatis
878 1745 961 1823 largi-

117 1823 177 1882 tio:
200 1822 299 1899 quain
318 1831 393 1880 sorte
410 1824 523 1901 sapiens
536 1831 658 1901 praetor,
671 1825 762 1902 qualis
775 1824 823 1882 hic
839 1825 905 1896 tuit,
918 1826 961 1883 of·
1054 1841 1057 1847 ·

117 1901 279 1962 sensionem
296 1902 369 1960 vitat
385 1903 585 1981 aequabilitate
602 1903 781 1976 dccemeudi,
792 1905 960 1962 benevolen-

116 1983 188 2042 tiam
202 1982 335 2059 adiungit
349 1982 466 2041 lenitate
480 1983 623 2042 audiendi
664 1984 788 2061 Egregia
801 1991 830 2042 et
844 1985 880 2042 ad
894 1991 960 2042 con-

117 2063 241 2120 sulatum
259 2069 327 2140 apta
342 2063 499 2140 provincia,
514 2063 544 2120 in
562 2083 619 2142 qua
633 2064 695 2121 laus
714 2065 873 2142 aequitatis,
888 2065 960 2123 intc-

116 2144 237 2220 gritatis,
252 2142 400 2201 facilitatis
420 2143 458 2200 ad
478 2150 637 2202 extremum
658 2143 790 2202 ludomm
811 2143 960 2222 voluptate

117 2223 304 2282 concluditur.
340 2229 388 2283 42.
406 2222 484 2293 Quid
494 2231 544 2282 tua
558 2224 637 2281 sorsl
652 2223 750 2296 tristis,
761 2231 859 2282 atrox:
877 2243 960 2302 quae-

117 2304 173 2361 stio
189 2304 345 2382 peculatus,
357 2323 391 2362 ex
406 2304 495 2362 altera
510 2311 591 2382 parte
607 2303 786 2361 lacrimamm
803 2311 833 2362 et
849 2305 960 2382 squalo-

116 2383 164 2456 ris,
180 2403 214 2442 ex
231 2384 319 2442 altera
334 2384 419 2462 plena
433 2385 447 2462 l
462 2392 626 2442 catenarum
645 2391 731 2462 atque
747 2384 892 2442 indicum:
914 2403 960 2442 oo·

116 2464 204 2540 gandi
228 2465 336 2523 iudices
359 2465 451 2537 inviti,
472 2465 614 2524 retinendi
640 2471 741 2522 contra
763 2464 957 2522 voluntatem:

103 2543 208 2600 'scriba
222 2544 382 2616 damnatus,
394 2545 465 2603 ordo
482 2552 561 2602 totus
577 2545 703 2604 alienus:
724 2543 841 2601 Sullana
853 2543 960 2622 gratifi-

116 2624 191 2681 catio
219 2625 396 2702 reprehensa,
415 2626 500 2683 multi
524 2626 578 2684 viri
601 2626 693 2683 fortes
719 2631 749 2700 et
775 2643 865 2702 prope
892 2643 959 2702 pars

117 2703 240 2762 civitatis
251 2705 360 2763 offensa
370 2712 427 2763 est:
445 2705 509 2763 lites
520 2725 615 2764 severe
625 2706 798 2776 aestimatae,
809 2705 855 2762 cui
865 2704 959 2782 placet

117 2783 302 2855 obliviscitur,
312 2786 358 2843 cui
372 2785 451 2843 dolet
464 2786 605 2844 meminit.
640 2785 793 2844 Postremo
806 2791 839 2842 tu
850 2785 880 2841 iu
894 2804 960 2862 pro-

116 2864 240 2922 vinciam
261 2866 301 2924 irc
322 2865 448 2924 noluisti.
491 2865 558 2922 Non
579 2884 697 2943 possum
718 2866 749 2922 id
767 2866 798 2923 in
817 2871 847 2922 te
867 2883 960 2942 repre

116 2941 248 3013 bendere,
260 2945 339 3021 quod
352 2946 381 3001 iu
396 2965 443 3002 me
457 2945 520 3022 ipso
535 2952 564 3003 et
577 2952 708 3023 praetore
722 2952 751 3004 et
765 2944 880 3002 consule
894 2963 959 3021 pro·

116 3021 190 3080 bavi.
227 3023 284 3080 Sed
294 3031 389 3081 tamen
401 3024 431 3081 L.
441 3025 575 3082 Murenae
589 3025 737 3102 provincia
749 3025 854 3082 multas
868 3023 961 3081 bonas

117 3103 222 3177 gratias
244 3122 309 3159 cum
332 3103 444 3179 optima
464 3105 675 3162 existimatione
699 3104 803 3162 attulit.
845 3104 959 3162 Habuit

117 3180 299 3256 proficiscens
313 3181 449 3241 dilectum
463 3184 493 3241 in
504 3183 644 3242 Umbria:
662 3183 743 3241 dedit
753 3184 779 3242 ei
790 3183 958 3243 faotiltatcm
