2240 3418
108 123 158 173 196
307 121 425 218 ΡΒθῦο,
441 109 591 170 LIGARIO
607 118 749 170 ORATIO.
781 165 786 172 .

109 224 191 283 aliter
198 230 292 282 vestro
303 223 408 301 generi,
416 221 536 294 nomini,
544 221 679 292 familiae,
687 220 861 298 disciplinae.
890 221 949 281 Sed

108 305 165 362 hoc
181 323 240 360 non
256 302 391 374 concedo,
402 309 444 374 ut,
456 301 560 379 quibus
575 301 659 359 rebus
679 301 841 378 gloriemini
857 301 888 358 in
901 322 949 360 vo·

109 383 162 455 bis,
171 382 284 444 easdem
295 383 326 439 in
336 381 399 440 aliis
407 380 628 459 reprehendatis
662 387 708 438 21.
719 378 879 438 Tuberonis
889 401 951 438 sore

110 463 239 521 coniecta
255 469 346 520 estex
360 469 474 520 senatus
490 461 629 532 consulto,
640 479 706 517 cum
719 460 780 537 ipse
799 478 858 517 non
872 461 950 519 ades·

110 549 162 616 set,
177 541 279 600 morbo
300 543 387 600 etiam
407 541 601 618 impediretur.
643 539 788 598 Statuerat
808 559 948 599 excusare.

109 622 191 681 Haec
211 641 266 699 ego
287 622 355 679 novi
375 628 493 699 propter
513 639 613 678 omnes
630 620 862 690 necessitudines,
878 638 951 697 quae

110 702 183 759 mihi
204 709 271 760 sunt
288 721 354 760 cum
370 700 401 759 L.
410 701 581 759 Tuberone:
600 699 680 757 domi
697 719 756 758 una
774 700 892 772 eruditi,
899 699 952 758 mi·

26 807 37 828 ·
110 782 189 840 litiae
209 780 433 852 contubeinales,
451 787 518 858 post
538 779 654 851 adfines,
671 780 702 837 in
726 780 807 837 omni
827 779 951 857 denique
997 777 1009 802 '

111 862 171 919 vita
189 860 359 919 familiares:
383 880 522 938 magnum
538 861 626 918 etiam
642 859 797 931 vinculum,
814 859 892 936 quod
905 860 952 916 iis-

110 941 179 998 dem
193 941 295 998 studiis
309 960 421 1018 semper
433 941 478 997 usi
492 959 597 998 sumus
640 938 707 996 Scio
723 939 813 1014 igitur
826 938 952 996 Tubero-

111 1039 179 1078 nem
195 1020 276 1078 domi
292 1039 406 1078 manere
422 1019 560 1078 uoluisse:
582 1018 633 1076 sed
649 1019 691 1077 ita
707 1017 824 1096 quidam
839 1018 950 1096 agebat,

111 1101 154 1159 ita
169 1100 210 1158 rei
225 1099 356 1180 publicae
375 1100 584 1158 sanctissimum
601 1119 707 1158 nomen
724 1098 897 1176 opponebat,
908 1106 950 1170 ut,

111 1180 200 1238 etiarn
211 1180 234 1237 si
245 1179 327 1238 aliter
337 1180 462 1251 sentiret,
472 1180 623 1237 verborum
632 1186 729 1238 tamen
740 1179 868 1257 ipsorum
882 1199 952 1256 pon·

112 1260 167 1318 dus
180 1259 318 1318 sustinere
332 1279 390 1317 non
404 1266 508 1336 posset.
545 1265 591 1316 22.
608 1257 701 1316 Cessit
715 1259 880 1318 auctoritati
894 1279 952 1316 am-

112 1340 234 1417 plissimi
255 1339 310 1397 viri
329 1339 373 1397 vel
394 1339 491 1415 potius
511 1339 614 1416 paruit.
656 1337 725 1397 Una
745 1345 790 1397 001
805 1339 952 1415 profectus

112 1439 178 1477 oum
195 1420 239 1490 iis,
252 1439 374 1497 qnorum
391 1426 450 1477 erat
466 1438 524 1476 una
542 1436 644 1476 causa:
665 1419 775 1476 tardius
791 1419 846 1475 iter
861 1419 950 1476 fecit:

112 1500 209 1577 itaque
230 1499 260 1556 in
277 1498 408 1556 Africam
424 1499 503 1566 uenit
523 1498 581 1557 iarn
603 1505 780 1576 occupatam.
822 1497 901 1556 Hinc
920 1499 952 1555 in

113 1578 259 1656 Ligarium
276 1579 383 1636 crimen
400 1579 491 1636 oritur
503 1577 548 1636 vel
562 1579 604 1635 ira
619 1579 725 1655 potius.
767 1577 842 1634 Nam
860 1577 952 1635 01011-

112 1679 180 1717 men
201 1665 244 1716 est
259 1657 341 1715 illurn
357 1655 487 1728 voluisse,
499 1677 558 1715 non
574 1658 670 1715 minus
686 1677 824 1735 magnum
841 1664 885 1716 001
901 1677 952 1715 vos

31 1735 44 1743 ⁶
112 1739 252 1809 Africam,
262 1756 354 1795 arcem
366 1737 496 1794 omnium
509 1737 729 1814 provinciarum,
741 1743 837 1794 natam
848 1735 885 1794 ad
895 1736 953 1794 bel·¹

112 1818 173 1876 lum
190 1824 290 1876 contra
302 1817 376 1874 hanc
391 1816 492 1874 urbem
506 1816 675 1894 gerundum,
687 1815 816 1875 obtinere
830 1817 952 1875 voluisse

113 1917 200 1976 quarn
217 1898 341 1975 aliquem
359 1915 388 1954 se
404 1896 545 1954 maluisse.
580 1895 679 1972 Atque
695 1895 721 1952 is
736 1903 833 1953 tamen
850 1896 952 1974 aliquis

114 1977 244 2055 Ligarius
260 1995 319 2034 non
336 1975 402 2034 fuit.
438 1975 533 2034 Varus
546 1975 700 2052 imperium
714 1995 744 2033 se
761 1975 864 2034 habere
878 1975 953 2034 dice-

113 2056 178 2115 bat:
200 2058 291 2115 fasces
312 2063 388 2115 certe
408 2054 540 2113 habebat.
583 2059 629 2111 23.
649 2053 706 2112 Sed
727 2055 952 2132 quoquomodo

113 2156 143 2194 se
157 2137 228 2196 illud
243 2136 338 2209 habet,
350 2136 420 2194 haec
437 2134 561 2213 querella
573 2141 677 2206 vestra,
689 2134 811 2207 Tubero,
824 2134 894 2212 quid
907 2155 953 2192 va·

112 2216 171 2275 leti
210 2217 331 2294 Recepti
350 2217 380 2274 in
401 2214 578 2294 provinciam
599 2235 659 2272 non
679 2234 784 2272 sumus.
827 2213 912 2286 Quid,
928 2215 951 2273 si

53 2341 58 2352 .
113 2297 230 2354 essetisl
270 2295 420 2354 Caesarine
434 2315 496 2354 eam
510 2295 644 2353 tradituri
657 2295 785 2353 fuissetis
800 2313 836 2352 an
853 2301 953 2352 contra

113 2375 262 2434 Caesarem
276 2377 432 2434 retenturi?
472 2375 556 2435 VIIL
567 2374 644 2434 Vide
655 2374 725 2452 quid
734 2374 873 2446 licentiae,
884 2374 953 2432 an-

114 2473 166 2526 sar,
178 2454 261 2512 nobis
275 2461 326 2512 tna
337 2455 490 2514 liberalitas
504 2456 555 2515 det
567 2455 613 2514 vel
626 2455 723 2532 potius
736 2453 878 2512 audaciae.
921 2453 952 2511 Si

114 2534 292 2610 responderit
305 2534 428 2606 Tubero,
440 2535 580 2608 Africam,
593 2554 651 2614 quo
668 2541 782 2592 senatus
799 2553 865 2591 eum
882 2553 953 2590 sors

115 2631 170 2689 qne
184 2614 306 2684 miserat,
318 2613 372 2671 tibi
383 2622 493 2691 patrem
508 2636 591 2675 suum
602 2615 774 2674 traditurum
784 2613 881 2684 fuisse,
893 2631 951 2669 non

115 2691 253 2750 dubitabo
274 2692 352 2769 apud
367 2695 463 2770 ipsum
479 2700 517 2766 te,
529 2695 610 2752 cuius
626 2695 740 2770 idflum
756 2692 850 2752 facere
868 2693 953 2749 inter-

114 2771 180 2843 fuit,
191 2772 366 2848 gravissimis
383 2773 475 2830 verbis
493 2774 553 2831 eins
569 2774 721 2832 consilium
737 2772 951 2852 reprehendere.

114 2849 182 2908 Non
203 2851 289 2922 enirn,
305 2852 329 2909 si
349 2850 403 2910 tibi
424 2871 457 2910 ea
476 2871 521 2910 res
544 2861 625 2929 grata
644 2855 755 2925 fuisset,
771 2853 953 2915 essetetiam

115 2930 242 3006 probata.
286 2935 332 2988 24.
348 2930 406 2988 Sed
424 2932 481 2989 iam
502 2932 558 2990 hoc
578 2939 673 2990 totum
691 2934 804 3005 omitto,
816 2951 875 2990 non
891 2939 952 2990 tam
971 2941 975 2946 '

115 3017 233 3085 propter
252 3009 291 3078 id,
307 3029 343 3066 ne
364 3010 509 3068 offendam
529 3017 594 3069 tuas
617 3013 840 3089 patientissimas
863 3030 952 3082 aures,

116 3105 202 3162 quam
219 3106 255 3144 ne
271 3087 384 3146 Tubero
399 3089 478 3166 qnod
494 3110 650 3168 numquam
669 3093 806 3168 cogitavit
824 3093 953 3150 facturus

116 3165 205 3224 fuisse
221 3165 357 3225 videatur.
376 3189 378 3192 ·
400 3169 567 3228 Veniebatis
585 3171 673 3252 igitur
691 3172 721 3228 in
737 3170 877 3242 Africam,
889 3190 953 3248 pro·
1052 3211 1055 3217 -
