2240 3418
130 123 178 172 184
302 122 373 174 PRO
389 122 427 174 Μ.
441 121 637 175 MARCELLO
653 122 797 178 ORATIO.

130 241 217 302 quam
236 241 338 300 parum
359 223 493 301 prudens
536 223 594 282 Sed
614 225 746 302 quisnam
771 229 814 282 est
834 225 889 283 iste
909 232 970 284 tam

130 303 276 361 demensi.
303 302 349 360 De
369 304 463 361 tuisne
472 305 636 362 i—tametsi
657 305 708 382 qui
727 305 821 381 magis
842 313 910 362 sunt
926 306 969 363 tui

130 401 217 459 quam
234 382 337 460 quibus
350 389 383 440 ιιι
400 383 520 441 salutem
534 383 745 461 insperantibus
760 384 970 443 condidicit-

130 481 166 519 ιιι
178 481 213 520 ex
222 461 279 520 boc
292 481 420 534 numero,
433 463 483 540 qui
497 481 555 520 una
567 470 663 521 tecum
677 463 814 522 fuerunt?
848 463 914 522 Non
926 471 970 522 est

130 541 273 600 credibilis
293 548 391 602 tantus
410 543 441 599 in
463 542 521 600 ullo
541 542 630 614 furor,
646 549 679 600 ut
700 561 762 621 quo
779 543 852 600 duce
873 545 971 601 omnia

129 641 243 679 summa
256 622 294 680 sit
307 621 437 700 adeptus,
448 621 533 679 huius
547 622 636 679 vitam
650 641 709 679 non
724 629 881 699 anteponat
894 643 968 681 suae.
1049 647 1052 652 ·

129 700 178 758 An
190 702 214 758 si
224 701 296 758 nihil
307 702 351 759 tui
361 702 491 778 cogitant
501 701 620 774 sceleris,
630 701 788 759 cavendum
799 708 843 760 est
853 721 889 760 ne
901 703 970 780 quid

104 781 260 839 inimicit
300 781 376 851 Quit
404 800 504 838 omnes
531 782 607 838 enim
610 781 683 858 ,qui
705 782 830 853 fuerunt,
846 789 897 840 aut
920 801 971 840 sua

129 861 286 936 pertinacia
302 861 391 919 vitam
408 861 564 930 amiserunt
580 825 630 919 adt
646 867 697 918 tua
716 825 912 919 misericordia
929 881 971 919 re·

129 941 286 1012 tinueurnt‚
298 948 331 998 ut
344 947 397 1018 ιιι
413 940 485 997 nulli
501 941 644 1033 supersint
658 939 719 998 de
710 941 836 998 mimicis
853 948 904 999 aut
920 941 971 1018 qui

129 983 334 1112 superfuerirnt
352 1009 411 1078 sint
427 1020 599 1078 amicissimi.
642 1026 689 1078 22.
708 1018 766 1078 Sed
785 1026 883 1078 tamen
904 1039 970 1078 cum

129 1099 159 1156 in
177 1099 280 1156 animis
296 1099 448 1157 hominum
464 1105 561 1157 tantae
579 1098 703 1158 latebrae
720 1100 778 1157 sint
794 1107 825 1158 et
839 1101 914 1158 tanti
930 1118 971 1158 re

129 1198 231 1250 cessus,
240 1199 395 1257 augeamus
406 1198 472 1237 saue
483 1179 671 1256 suspitionem
681 1185 778 1237 tuam:
797 1180 882 1238 simul
893 1180 970 1237 enirn

130 1258 297 1336 augebimus
312 1260 498 1337 diligentiam.
537 1257 613 1316 Nam
628 1259 692 1337 quis
708 1266 752 1317 est
765 1259 896 1317 omnium
910 1266 971 1316 tam

129 1339 245 1416 ignarus
259 1358 361 1411 rerum,
371 1347 431 1396 tam
445 1338 525 1396 rudis
538 1339 568 1395 in
583 1337 746 1416 republica,
756 1345 816 1396 tam
826 1339 899 1397 nihil
910 1345 971 1396 um-

124 1431 215 1494 'quam
235 1437 288 1476 nec
309 1419 346 1476 de
366 1438 417 1476 sua
437 1438 490 1476 nec
509 1418 544 1476 de
563 1419 710 1476 communi
732 1417 822 1476 salute
840 1419 971 1496 cogitans

29 1507 34 1520 '
129 1498 179 1574 qui
199 1517 259 1556 non
280 1498 422 1576 intelligat
441 1504 492 1556 ιιιι
512 1497 603 1555 salute
623 1498 764 1555 contineri
785 1517 865 1556 suam
886 1505 915 1556 et
935 1519 970 1557 ex
1077 1541 1082 1548 -

128 1578 214 1635 unius
234 1584 285 1635 tua
305 1579 365 1636 vita
384 1577 508 1656 pendere
531 1578 680 1635 omniomi
720 1577 864 1654 Equidem
884 1578 920 1636 de
940 1585 970 1636 te

128 1657 190 1714 dies
210 1665 381 1750 noctesque,
386 1664 419 1715 ut
439 1653 539 1728 debeo,
552 1657 682 1734 cogitans
698 1675 779 1715 casus
800 1657 870 1714 dum
891 1664 971 1716 taxat

27 1766 30 1775 ·
128 1735 270 1794 humanos
287 1744 317 1795 et
332 1738 456 1794 incertos
476 1744 594 1795 eventus
614 1735 786 1794 valetudinis
807 1743 836 1795 et
852 1744 970 1796 naturae
1044 1795 1050 1806 ,

128 1817 291 1874 communis
304 1817 490 1894 fragilitatem
507 1817 671 1888 extimesco,
684 1815 833 1894 doleoque‚
845 1836 911 1874 cum
925 1837 970 1875 res

128 1896 244 1973 publica
259 1896 430 1954 immortalis
446 1915 506 1954 esse
523 1896 633 1967 debeat,
646 1915 709 1953 eam
722 1895 754 1952 in
768 1897 853 1954 unius
866 1903 971 1954 morta·

129 1976 164 2033 lis
180 1976 276 2033 anima
292 1976 453 2034 consistere.
492 1981 539 2034 23.
555 1975 587 2034 Si
600 1993 667 2032 vero
681 1974 718 2032 ad
731 1975 873 2033 humanos
889 1995 971 2034 casus

123 2055 309 2134 'incertosque
324 2063 422 2114 motus
438 2055 610 2113 valetudinis
630 2054 743 2112 sceleris
756 2055 843 2112 etiam
861 2056 971 2113 accedit
1012 2085 1015 2092 ·

129 2136 352 2229 insidiarumque
363 2136 521 2207 consensio,
532 2154 616 2212 quem
628 2133 755 2207 deum,
734 2154 758 2191 ιι
769 2134 873 2212 cupiat,
885 2154 970 2212 posse

129 2216 264 2293 opitulari
277 2236 318 2274 rer
309 2215 462 2294 publicae
477 2215 644 2272 credamus?
779 2248 781 2252 .
975 2222 978 2226 '

169 2296 252 2355 VIII.
270 2296 377 2355 Omnia
397 2302 464 2353 sunt
483 2294 634 2352 excitanda
653 2293 716 2365 tibi,
735 2292 767 2352 Ο.
780 2292 891 2366 Caesar,
909 2295 968 2366 uni,

130 2394 202 2452 quae
222 2376 312 2434 iacere
331 2376 420 2433 sentis
435 2375 530 2434 belli'
522 2375 613 2451 rpsius
628 2374 749 2450 impetu,
762 2374 840 2451 quod
856 2393 970 2432 necesse

129 2456 194 2526 fuit,
206 2454 336 2532 perculsa
353 2462 439 2532 atque
455 2460 614 2532 prostrata·
636 2453 838 2510 constituenda
854 2453 969 2524 indicia,

129 2527 287 2592 revocanda
298 2534 368 2592 fides
369 2532 764 2611 ‚comprimendaelibidines
766 2533 972 2610 ,propaganda

130 2614 251 2686 suboles,
262 2615 359 2671 omnia
360 2633 452 2691 ‚quae
466 2613 596 2690 dilapsa
589 2633 646 2670 ram
661 2611 854 2684 diffluxerunt,
867 2613 970 2670 severis

130 2692 241 2770 legibus
260 2658 412 2751 vincierida
431 2699 505 2750 suut.
548 2698 594 2751 24.
613 2693 680 2750 Non
701 2692 760 2749 fuit
781 2692 969 2749 recusandum

130 2773 160 2830 in
177 2780 259 2831 tanto
280 2772 357 2830 civili
376 2772 452 2830 bello
473 2779 612 2850 tantoque
636 2773 798 2830 animorum
819 2771 920 2829 ardore
940 2777 970 2829 et

129 2871 274 2909 armorum
289 2853 359 2930 quin
377 2859 507 2929 quassata
522 2871 566 2910 res
580 2851 702 2930 publica,
715 2851 888 2929 quicumque
902 2850 971 2910 belli

130 2937 248 2990 eventus
268 2931 378 3001 fuisset,
390 2931 481 2989 multa
496 2932 627 3008 perderet
643 2939 672 2990 et
689 2938 857 2990 ornamenta
878 2931 971 3008 digni-

87 3070 93 3082 ·
130 3011 181 3068 tat
161 3018 198 3068 trs
215 3018 244 3069 et
259 2975 401 3087 praesidia
418 3010 581 3070 stabilitatis
600 3031 666 3068 suae
667 3011 833 3088 ‚multaque
850 3018 971 3088 uterque
1029 3025 1039 3054 -·

131 3090 190 3147 dux
210 3091 317 3147 faceret
337 3095 461 3146 arruntus
463 3109 555 3166 ,quac
571 3091 648 3148 idem
664 3098 781 3183 togatus
797 3091 858 3148 fieri
875 3090 972 3169 prohi-

131 3168 247 3226 buisset
283 3167 362 3236 Quae
377 3133 493 3245 quidein
507 3168 562 3226 tibi
575 3188 650 3227 nunc
666 3170 763 3227 omnia
775 3170 843 3233 belh
854 3172 971 3229 vulnera
1052 3216 1058 3230 .
