2240 3418
115 124 165 174 258
191 123 231 173 lu
247 123 284 174 M.
298 119 493 176 ansouldus
508 121 643 175 ORATIO
658 119 871 175 PHILIPPICA
885 125 924 179 II.
957 122 960 132 '

114 225 196 283 mum
220 231 250 282 et
270 221 481 282 nobilissimum
502 223 604 296 virum,
622 224 773 298 occideras,
790 225 957 305 multosque

114 309 267 380 praeterea,
283 303 333 380 qni
353 321 369 360 e
388 302 498 380 proelio
519 303 687 380 effugerant,
702 323 775 382 quos
794 304 906 378 Caesar,
921 314 953 365 ut

114 402 174 440 non
184 382 286 454 nullos,
295 382 416 440 fortasse
430 389 576 454 servasset,
586 383 778 442 crudelissime
789 392 954 462 persecutus

114 462 278 521 trucidatas.
320 461 432 531 Quibus
448 461 532 521 rebus
547 463 637 521 tantis
652 462 758 521 talibus
777 464 867 542 gestis
884 465 954 542 quid

114 542 171 601 fuit
188 561 288 601 causae
301 561 352 600 cur
368 542 398 600 in
411 541 543 602 Africam
557 541 707 602 Caesarem
721 562 779 601 non
797 562 952 621 sequerere,

114 641 180 682 eum
204 622 369 700 praesertim
391 621 458 680 belli
481 641 547 700 pars
571 629 652 680 tanta
675 624 812 681 restaretl
852 622 960 702 Itaque·

114 723 199 782 quem
216 703 312 761 locum
328 702 406 840 apud
419 702 515 779 ipsum
529 701 679 760 Caesarem
692 709 760 780 post
776 703 838 760 eius
851 722 886 761 ex
900 703 956 761 Af-

113 783 340 842 rioareditumo
360 782 493 841 tinnistil
513 800 570 860 quo
587 800 707 841 numero
720 782 823 841 fuissit
863 781 955 841 Cuius

113 870 146 922 tu
166 863 345 941 imperatoris
369 869 502 940 quaestor
525 863 628 933 fueras,
646 861 794 921 dictatoris
817 863 955 940 magister

112 944 251 1022 equitum,
266 942 334 1001 belli
354 943 495 1022 princeps,
510 942 687 1000 crudelitatis
708 949 816 1014 auctor,
831 942 954 1020 praedae

113 1024 214 1095 socius,
226 1029 407 1096 testamento,
423 1030 456 1083 ut
475 1022 590 1081 dicebas
609 1022 680 1100 ipse,
694 1020 778 1094 lilius,
793 1022 954 1100 appellatus

112 1122 143 1161 es
159 1104 195 1162 de
232 1104 340 1176 ecunia,
352 1123 439 1182 quam
459 1123 513 1181 pro
533 1103 630 1173 domo,
642 1121 695 1180 pro
714 1101 814 1175 hortis,
825 1115 879 1180 pro
895 1121 954 1161 sec-

75 1181 78 1186 *
112 1183 191 1242 tione
202 1123 333 1243 debebas.
370 1184 415 1243 72.
428 1183 528 1241 Primo
542 1182 715 1261 respondisti
724 1182 808 1260 plane
818 1181 955 1242 ferociter

112 1269 149 1336 et,
161 1283 198 1322 ne
214 1263 312 1322 omnia
327 1263 425 1322 videar
440 1269 541 1322 contra
557 1270 596 1335 te,
611 1282 706 1340 prope
721 1263 842 1320 modum
862 1281 954 1341 aequa

112 1350 142 1401 et
166 1344 242 1401 iusta
265 1343 387 1403 dicebas
428 1342 458 1400 A
475 1362 523 1401 me
543 1342 690 1402 G.ansar
709 1343 882 1420 pecuninml
902 1361 955 1401 cur

11 1453 16 1468 ·
112 1424 210 1501 potius
226 1442 312 1501 quam
329 1442 384 1501 ego
399 1423 436 1482 ab
453 1423 521 1482 illol
541 1442 577 1480 an
592 1423 653 1481 sine
666 1441 714 1481 me
728 1422 775 1481 illc
789 1423 877 1481 vicitl
909 1421 959 1481 At

112 1523 149 1561 ne
161 1503 260 1581 potuit
270 1502 395 1581 quidem.
432 1503 496 1581 Ego
509 1503 548 1561 ad
560 1501 642 1561 illum
652 1502 720 1561 belli
733 1502 825 1561 civilis
837 1522 954 1561 eausam

112 1582 203 1654 attuli,
216 1602 270 1661 ego
286 1583 363 1661 leges
379 1583 553 1661 perniciosas
568 1583 675 1660 rogavi,
687 1602 742 1661 ego
756 1602 836 1640 arma
851 1591 954 1641 contra
1025 1625 1036 1650 .

112 1663 242 1721 consules
261 1663 503 1741 imperatoresque
523 1663 625 1740 populi
643 1662 776 1734 Romani,
791 1669 892 1721 contra
911 1682 955 1722 sc·

111 1749 213 1800 natum
232 1742 429 1820 populumque
449 1741 621 1814 Romanum,
633 1749 733 1801 contra
753 1741 953 1820 deoa'patrios

112 1841 230 1900 arasque
243 1830 273 1880 et
285 1823 376 1894 focos,
388 1830 488 1880 contra
500 1823 625 1901 patriam
637 1823 699 1882 tuli.
735 1822 814 1880 Num
828 1822 883 1880 sibi
897 1823 953 1881 soli

111 1903 199 1959 vicitl
239 1901 370 1970 Quorum
389 1903 502 1961 facinus
522 1909 566 1961 est
585 1918 747 1974 commuue,
762 1922 813 1960 cur
832 1921 891 1960 non
912 1903 953 1978 sit

112 1982 327 2059 eorum'praeda
340 1982 517 2041 communiet
550 1981 599 2040 Ius
612 1981 794 2060 postulabas:
816 1981 957 2059 seuquid.

111 2062 149 2119 ad
162 2063 241 2120 remi
274 2061 345 2119 Plus
358 2062 406 2120 ille
419 2068 540 2140 poterat
577 2062 623 2120 78.
639 2061 740 2140 Itaque
754 2063 879 2120 excussis
892 2062 953 2121 tuis

111 2141 230 2200 vocibus
250 2149 280 2201 et
299 2142 337 2199 ad
356 2149 386 2200 te
406 2148 436 2200 et
456 2141 494 2200 ad
509 2142 629 2221 praedes
648 2149 715 2200 tuos
734 2141 842 2200 milites
860 2142 961 2216 misit·

112 2229 179 2279 cum
198 2229 316 2300 repente
336 2228 402 2279 ate
422 2221 565 2299 praeclara
585 2221 634 2280 illa
653 2221 751 2280 tabula
760 2221 878 2300 prolata
896 2230 950 2282 est

112 2300 249 2370 Quirinus
258 2301 425 2360 bominum!
446 2307 556 2358 tantam
567 2301 953 2374 essetabulam,tnm·varins,'

111 2388 171 2438 tarn
192 2381 297 2438 multas
317 2380 517 2459 possessiones,
532 2401 567 2439 ex
588 2380 692 2460 quibus
706 2388 822 2458 praeter
839 2388 962 2459 partem·

112 2460 215 2519 Miseni
236 2461 309 2518 nihil
328 2467 388 2520 arat
402 2461 483 2538 quod
503 2461 535 2532 is,
552 2461 602 2539 qui
622 2461 843 2534 auctionaretur,
853 2461 962 2538 posset?

112 2561 195 2599 suum
216 2541 317 2600 dicere
359 2540 513 2598 Auctionis
529 2559 596 2598 vero
616 2540 785 2600 miserabilis
801 2548 963 2618 aspectust.

99 2623 199 2678 vvestis
214 2620 348 2698 Pompeii
364 2640 423 2678 non
440 2619 531 2678 multa
547 2639 636 2698 caque
655 2620 810 2692 maculosa,
822 2621 952 2678 eiusdem

112 2701 252 2776 quaedam
269 2708 403 2777 argentea
419 2719 485 2758 vasa
505 2699 611 2772 collisa,
623 2700 739 2758 sordida
753 2700 906 2777 mancipia,
918 2707 952 2758 ut

112 2779 272 2837 doleremus
291 2779 448 2857 quidquam
470 2797 529 2837 esse
546 2799 581 2837 ex
598 2779 654 2837 illis
670 2779 798 2857 reliquiis
817 2780 895 2857 quod
912 2781 952 2837 vi-

112 2857 178 2914 dere
191 2877 347 2934 possemus.
385 2858 430 2916 74.
442 2858 527 2916 Hanc
541 2865 641 2916 tamen
655 2859 817 2917 auctionem
832 2858 952 2918 heredes

112 2934 255 2994 nuubrii
271 2937 387 2994 decreto
403 2936 531 2994 Caesaris
546 2937 767 3014 prohibuerunt..
806 2938 953 2997 Haerebat
1035 2979 1044 2996 .

111 3013 232 3072 nebulo:
255 3035 312 3093 quo
326 3034 356 3073 se
369 3021 490 3073 verteret
503 3035 562 3073 non
576 3016 707 3075 babebat
739 3016 817 3087 Quin
830 3019 866 3076 iis
880 3019 965 3095 ipsis'·

112 3093 290 3169 temporibus
310 3094 390 3151 dorni
406 3093 534 3154 Caesaris
550 3115 700 3173 percussor
716 3096 753 3156 ab
769 3098 826 3156 isto
846 3098 956 3156 missus

111 3170 303 3246 deprehensus
319 3172 466 3232 dicebatur
481 3192 542 3234 esse
557 3193 625 3248 cunr
641 3175 706 3235 sica
722 3209 728 3233 ..·
746 3175 795 3236 Dc
809 3195 867 3256 quo
880 3176 966 3238 Once
