2262 3412
416 125 648 190 cAP.VI11.-x.‚
666 126 680 188 5
696 130 784 180 18-22.
987 131 1020 184 49

179 246 250 305 quas
260 247 315 306 ego
325 227 470 286 universas
483 227 588 285 civium
599 249 659 287 csse
674 229 850 306 optimorum
861 237 890 288 et
900 229 1020 288 fortissi-

178 329 293 368 morum
307 289 433 365 viroffim
450 308 551 379 sentio,
563 308 614 365 sed
627 315 723 365 tamen
737 309 759 365 ii
773 315 840 366 sunt
854 308 956 379 coloni,
970 310 1019 386 qui

179 411 209 448 se
226 391 257 446 in
276 378 428 465 inspeffitss
447 407 479 444 ac
499 388 656 464 repentinis
674 387 803 464 pecuniis
824 388 1019 464 sumptuosius

69 489 84 504 ²
177 469 403 545 insolentiusque
425 467 574 525 iactarunt.
616 466 659 524 Hi
681 466 751 523 dnm
775 465 927 524 aedificant
948 474 1020 525 tam-

178 543 370 628 quifr'r'beati,
386 531 608 624 dum‘pr‘aediis,
623 545 739 617 lecticis,
757 545 875 603 familiis
895 547 1016 623 magnis,

177 628 315 686 conviviis
326 626 468 704 apparatis
479 625 701 696 delectantur,in
712 631 825 684 tantum
836 645 883 682 aes
894 625 1018 683 alionum
1071 638 1075 653 '
1127 628 1131 645 ¹

176 709 347 780 inciderunt,
360 715 400 778 ut,
411 727 448 792 ἐι-
453 706 522 764 salvi
539 725 600 764 esse
616 704 692 762 velin
706 703 806 776 ,Sulla
821 689 908 762 siffis
924 702 960 762 ab
977 705 1019 762 in·
1037 739 1081 757 ν

176 789 245 846 ieris
264 787 431 845 excitandus
441 805 451 852 τ,
470 786 519 864 qui
536 785 623 844 etiam
639 803 699 842 non
715 784 809 842 nullos
828 791 952 860 agrestes
968 783 1019 842 ho·

176 868 268 926 mines
285 875 387 926 tenues
405 873 491 944 atque
509 872 625 943 egentes
642 865 671 921 in
691 865 822 922 camdem
838 863 917 920 illam
937 883 1016 940 spem

176 947 338 1024 rapinarum
352 953 479 1004 veterum
494 940 677 1022 impulerunt.
716 942 795 1012 Quos
809 963 872 1022 ego,
883 942 1015 1015 Quirites,

176 1027 206 1083 in
223 1027 325 1085 eodem
340 1008 464 1105 genefe‘
459 1025 660 1103 praedatorum
677 1023 912 1101 direptorumque
928 1042 1015 1099 pono,
1114 1058 1122 1071 .

176 1107 227 1164 sed
237 1106 485 1198 Qec:
503 1105 635 1164 desinant
648 1105 741 1189 er
756 1112 785 1162 et
795 1103 1017 1181 proscriptiones
1054 1104 1058 1115 ’

175 1193 205 1245 et
219 1186 373 1243 dictaturas
386 1185 519 1262 cogitare.
530 1167 675 1243 ''fantus-
687 1184 764 1242 enim
778 1183 893 1241 illorum
907 1189 1017 1258 tempo-

88 1317 93 1323 .
110 1322 112 1328 ,
175 1284 239 1323 rum
253 1264 336 1323 dolor
349 1265 461 1324 inustus
478 1271 521 1322 est
535 1264 652 1335 civitati,
664 1270 697 1322 ut
711 1265 768 1321 iam
782 1263 839 1321 ista
854 1280 913 1320 non
927 1262 1017 1320 modo

174 1344 314 1417 homines,
327 1345 377 1402 scd
390 1363 426 1402 ne
443 1344 566 1422 pecudes
583 1344 700 1422 quidem
716 1343 789 1401 mihi
805 1361 938 1421 passurae
955 1360 1016 1400 esse

10 1373 158 1476 mlh-li*
174 1425 331 1508 videmur.
374 1424 412 1482 X.
455 1429 501 1483 21.
524 1422 666 1492 Quartum
684 1443 775 1501 genus
796 1430 839 1480 cst
860 1441 926 1480 sane
945 1421 1016 1479 vari·
1067 1433 1092 1518 p,
1125 1439 1129 1453 “

145 1555 151 1574 ,
174 1511 271 1563 umet
286 1505 410 1563 mixtum
427 1509 457 1562 et
469 1503 675 1588 lUlbUleflQ
688 1505 737 1581 qui
751 1502 937 1600 iampriclem
954 1444 1071 1590 presi*
1091 1480 1121 1518 ‘i

173 1592 300 1656 muntur,
312 1585 362 1662 qui
375 1603 533 1662 numquam
550 1590 708 1661 emergunt,
720 1583 770 1660 qui
783 1583 889 1660 partim
903 1582 1013 1653 inertia,

78 1679 85 1692 ·
174 1665 279 1742 partim
296 1664 370 1755 mal-c
385 1664 511 1742 gerendo
527 1664 654 1741 negotio,
669 1663 774 1740 pa1tim
791 1663 878 1720 etiam
896 1663 1013 1739 sumpti·

8 1717 45 1793 'l‘
173 1743 227 1802 bus
248 1745 278 1800 in
297 1751 390 1802 vetere
411 1763 475 1802 acre
496 1744 589 1802 alieno
610 1743 750 1814 vacillant,
766 1743 816 1820 qui
832 1742 1013 1814 vadimoniis,-

173 1822 295 1894 iudiciis,
310 1823 519 1900 proscriptione
538 1823 680 1880 bonorum
702 1822 861 1900 defetigati,
879 1818 1014 1900 per'rilirffi

174 1909 203 1961 et
217 1922 251 1960 ex
265 1902 335 1960 urbe
349 1909 378 1960 et
392 1923 426 1960 ex
440 1903 515 1978 agris
530 1921 559 1960 se
570 1902 600 1959 in
610 1901 659 1958 illa
672 1909 764 1960 castra
777 1903 906 1960 conferre
917 1902 1015 1960 dicun-

173 1988 228 2039 tur.
270 1981 376 2064 Hoscg
384 2000 438 2058 ego
452 2000 511 2038 non
524 1988 585 2038 tam
598 1980 704 2038 milites
721 2001 798 2038 acres
812 2001 898 2058 quam
912 1981 1015 2040 infitia

174 2066 251 2118 tores
266 2061 360 2118 lentos
376 2079 436 2118 esse
452 2060 580 2118 arbitror.
622 2058 680 2128 Qui
695 2059 827 2118 homines
843 2061 977 2138 primum,
990 2061 1014 2118 si
1039 2112 1043 2119 ,

174 2146 248 2197 stare
268 2159 327 2196 non
347 2146 476 2216 possunt,
494 2159 528 2197 co
558 2147 627 2196 uant
668 2139 705 2197 ed
725 2139 735 2196 i
789 2147 903 2198 utnon
925 2141 1014 2198 modo

174 2219 281 2291 civitas,
292 2218 342 2276 sed
356 2237 392 2276 ne
405 2219 492 2276 vicini
504 2238 552 2296 qul
630 2147 901 2310 prfflntimt.
937 2219 1013 2278 Nam
1029 2233 1031 2238 ·

173 2299 245 2356 illud
263 2317 322 2357 non
340 2298 479 2375 intelligo,
495 2317 580 2374 quam
600 2299 639 2356 ob
656 2318 726 2370 rem,
741 2298 766 2356 si
782 2280 1013 2356 v'i'ffi'lronestc
1098 2321 1100 2324 ·

173 2398 231 2436 non
252 2385 381 2456 possunt,
396 2377 488 2466 perire
508 2369 631 2455 turpiter
650 2377 813 2462 vgliptaut
833 2397 884 2436 cur
903 2378 1014 2436 minore
1070 2409 1072 2416 v

173 2458 272 2516 dolore
284 2459 470 2543 perituros&
485 2477 551 2515 cum
564 2457 672 2529 multis,
683 2477 769 2535 quam
783 2458 807 2515 si
821 2457 874 2515 soli
887 2465 1027 2550 Q
1042 2456 1045 2465 ’

173 2538 351 2596 arbitrentur.
395 2541 441 2595 22.
464 2537 605 2606 Quintum
626 2556 717 2615 genus
738 2545 781 2595 est
799 2537 1012 2621 parri-cpiarum,
1048 2536 1058 2574 s

173 2617 347 2688 sicariorum,
365 2617 489 2694 denique
513 2617 644 2675 omnium
667 2618 912 2676 facinorosorum:
942 2636 1014 2694 quos
1037 2624 1051 2678 ⁴.

173 2715 227 2776 ego
241 2717 259 2754 a
272 2695 397 2754 Catilina
411 2716 471 2754 non
487 2715 606 2756 revoco:
628 2716 695 2754 nam
712 2716 805 2775 neque
818 2697 915 2755 divelli
929 2697 964 2756 ab
979 2716 1013 2755 co

173 2783 294 2854 possunt
310 2783 339 2835 et
355 2782 473 2864 Q
489 2795 556 2834 sane
572 2777 602 2834 in
619 2776 778 2849 latrocinio,
794 2777 929 2854 quoniam
947 2781 1014 2834 sunt

173 2856 214 2914 ita
229 2855 321 2928 multi,
336 2863 370 2914 ut
386 2875 435 2914 eos
453 2875 547 2913 carcer
565 2875 665 2933 capere
683 2875 742 2913 non
758 2857 857 2944 Qsit.
900 2856 1013 2944 Pch-

172 2955 254 2992 mum
276 2942 372 2994 autem
394 2927 550 3012 gemm
571 2954 630 3000 non
653 2935 746 2993 solum
768 2954 897 3008 numere,
912 2939 1013 2992 Verum

173 3016 260 3074 etiam
276 3034 380 3092 genere
396 3015 459 3091 ipso
476 3021 562 3091 atquc
578 3015 644 3085 vita,
658 3014 735 3092 quod
752 3015 899 3092 proprium
916 3013 1013 3070 Catili-

173 3112 227 3152 nae
240 3101 291 3166 est,
301 3095 337 3152 de
351 3095 412 3152 eius
426 3093 541 3165 dilectu,
552 3095 642 3152 immo
658 3113 723 3151 vero
738 3094 774 3150 de
788 3093 938 3170 complexu
953 3093 1013 3149 eius

173 3193 206 3232 ac
223 3174 295 3246 sinu,
308 3194 380 3252 quos
395 3193 469 3252 pexo
486 3173 598 3252 capillo
610 3173 725 3246 nitidos,
741 3180 790 3230 aut
806 3172 947 3232 imberbes
963 3178 1013 3228 aut

312 3276 329 3326 5
