2262 3412
401 123 762 188 cAP.v.—m.‚§11-1r.
823 127 826 132 ’
897 151 901 158 ·
972 129 1007 178 tt

165 247 238 307 qnae
247 246 307 285 non
321 225 358 284 ad
370 226 511 304 privatam
525 226 715 304 ignominiam
729 226 865 285 vitiorum
879 233 1004 302 tuorum,

91 329 93 332 ·
164 327 224 365 non
240 308 278 365 ad
293 306 480 364 domesticam
496 313 575 364 tuam
591 305 788 364 difficultatem
805 327 838 365 ac
852 308 1007 384 turpitudi-

164 407 231 445 nem
242 387 292 444 sed
302 387 339 444 ad
350 405 491 443 summam
502 406 562 444 rem
573 385 718 464 publicam
729 393 815 465 atque
829 388 866 445 ad
875 389 1005 446 omniurn

164 473 295 524 nostrum
309 466 398 523 vitam
415 465 592 543 salutemque
608 466 761 542 pertinent
806 472 851 526 15.
867 467 1005 526 Potestne

164 545 218 603 tibi
235 545 305 603 haec
324 545 381 616 lux,
394 544 525 617 Catilina,
538 552 588 602 aut
607 545 694 602 huius
714 546 785 605 caeli
806 547 924 623 spiritus
945 565 1005 606 esse

163 626 312 696 iucundus,
326 644 414 702 quum
435 625 506 682 scias
527 644 587 682 esse
603 625 707 682 horum
725 627 869 684 neminem
892 627 1005 705 quine-

163 705 234 763 sciat
254 712 283 762 te
304 704 396 782 pridie
415 689 559 762 Kalendas
578 704 723 763 Ianuarias
741 705 852 782 Lepido
872 712 902 764 et
919 706 1004 764 Tullo

161 783 327 842 consulibus
338 783 448 842 stetisse
462 784 492 841 in
507 785 626 842 comitio
637 804 703 842 cum
717 785 794 844 telol
809 804 927 844 manum
938 805 1006 842 con-

163 863 256 922 sulum
277 871 307 921 et
322 864 484 942 principum
502 865 626 922 civitatis
642 864 903 923 interficiendorum
920 883 1005 923 causa

162 944 322 1020 paravisset
332 1001 334 1004 ,
343 942 440 1001 sceleri
450 964 483 1001 ac
497 943 588 1002 furori
602 952 655 1003 tuo
667 964 727 1002 non
740 952 867 1002 mentem
879 944 1004 1021 aliquam

162 1030 212 1080 aut
226 1023 359 1081 timorem
373 1030 466 1095 tuum,
478 1023 529 1081 sed
542 1023 689 1081 fortunam
703 1024 805 1102 populi
815 1024 940 1082 Romani
955 1023 1005 1080 ob

163 1103 287 1160 stitissel
326 1101 372 1159 Ao
385 1102 443 1159 iam
460 1102 510 1159 illa
526 1103 764 1180 omitto-neque
780 1104 858 1161 enim
873 1110 939 1161 sunt
953 1110 1004 1168 aut

162 1181 282 1240 obscura
301 1188 426 1238 autnon
446 1181 538 1238 multa
558 1182 711 1239 commissa
730 1183 1004 1260 postea—quotiens

161 1268 195 1319 tu
208 1280 255 1318 me
269 1261 459 1340 designatum,
476 1261 609 1338 quotiens
625 1261 771 1319 consulem
784 1261 943 1319 interficere
956 1281 1005 1318 vo
1055 1323 1059 1332 .

161 1341 257 1399 luisti!
272 1347 351 1418 'quot
366 1360 421 1419 ego
438 1348 502 1398 tuas
518 1340 673 1417 petitiones
689 1341 731 1399 ita
750 1341 900 1412 coniectas,
916 1347 948 1398 ut
964 1341 1005 1398 vi-

161 1421 216 1479 tari
226 1440 311 1499 posse
324 1440 384 1479 non
395 1421 567 1491 viderentur,
579 1439 667 1498 parva
678 1419 801 1498 quadam
812 1418 1004 1478 declinatione

161 1507 199 1573 ct,
211 1509 245 1559 ut
258 1501 348 1573 aiunt,
360 1520 479 1578 corpore
493 1501 600 1577 effugii
634 1499 715 1557 Nihil
730 1499 900 1577 adsequeris,
911 1519 1004 1576 neque

161 1587 258 1639 tamen
273 1581 371 1639 conari
386 1600 418 1638 ac
429 1580 500 1638 velle
511 1579 632 1637 desistis.
669 1585 715 1638 16.
728 1579 868 1649 Quotiens
878 1579 932 1636 tibi
945 1579 1003 1636 iam

161 1667 274 1719 extorta
294 1668 338 1719 est
359 1657 416 1719 lica
436 1660 492 1718 ista
512 1660 548 1718 de
568 1658 717 1718 manibusl
743 1659 876 1736 quotiens
896 1658 1004 1716 excidit

161 1759 230 1798 casu
250 1740 346 1818 aliquo
366 1747 395 1798 et
411 1739 507 1816 elapsa
527 1739 587 1797 estl
608 1745 705 1796 tamen
726 1757 760 1796 ea
779 1738 889 1796 diutius
909 1757 1004 1795 carere
1059 1737 1061 1742 ’

162 1839 221 1877 non
232 1827 331 1898 potes:
354 1838 426 1897 quae
438 1819 554 1896 quidem'
570 1818 674 1896 quibus
687 1817 738 1876 abs
751 1825 781 1876 te
791 1817 905 1876 initiata
918 1817 1004 1874 sacris

162 1919 195 1957 ac
209 1900 313 1958 devota
327 1899 364 1956 sit
378 1899 482 1969 nesci0,
494 1897 574 1975 quod
588 1917 651 1955 eam
668 1916 781 1955 necesse
795 1905 880 1974 putas
897 1915 956 1954 esse
973 1897 1003 1954 in
1074 1944 1077 1950 .

162 1979 287 2036 consulis
301 1996 419 2054 corpore
434 1976 565 2053 defigere.
600 1976 668 2035 VII.
685 1976 770 2034 Nunc
784 1995 851 2034 vero
868 1995 940 2053 quae
953 1983 1005 2034 tua

162 2066 206 2116 cst
222 2059 277 2115 ista
293 2058 371 2115 vital
411 2055 459 2114 Sic
476 2057 554 2113 enim
574 2056 632 2112 iam
653 2062 749 2113 tecum
765 2055 873 2132 loquar,
891 2074 950 2112 non
971 2062 1004 2112 ut

162 2138 230 2195 odio
244 2143 392 2215 permotus
406 2154 466 2193 esse
480 2135 585 2206 videar,
598 2154 655 2212 quo
672 2134 772 2206 debeo,
787 2135 838 2192 sed
850 2141 884 2191 ut
897 2134 1005 2192 miseri-

162 2217 268 2287 cordia,
281 2235 353 2294 quae
367 2214 514 2272 tibi-nulla
530 2213 658 2272 debetur.
696 2213 811 2272 Venisti
828 2213 924 2290 paullo
938 2220 1004 2271 ante

162 2297 192 2354 in
207 2303 345 2354 senatum.
389 2293 459 2363 Quis
473 2300 502 2350 te
517 2285 551 2350 e'x
565 2292 619 2350 hac
632 2299 715 2350 tanta
727 2293 897 2369 frequentia,
909 2299 956 2349 tot
969 2311 1004 2350 ex

162 2376 219 2434 tuis
233 2375 333 2432 amicis
346 2393 379 2432 ac
393 2373 558 2431 necessariis
572 2372 724 2429 salutavitl
760 2371 791 2428 Si
805 2371 860 2429 hoc
874 2378 941 2449 post
954 2371 1005 2428 ho-

47 2497 53 2510 .
161 2456 273 2513 minum
294 2454 463 2512 memoriam
484 2452 606 2528 contigit
626 2450 743 2523 nemini,
759 2451 837 2508 vocis
858 2457 1005 2528 exspectas

162 2533 374 2605 contumeliam,
392 2553 459 2591 cum
480 2532 518 2589 sis
542 2531 711 2608 gravissimo
732 2530 839 2588 iudicio
859 2530 1005 2587 taciturni-

162 2614 232 2671 tatis
250 2614 421 2690 oppressusl
461 2611 547 2682 Quid,
564 2610 642 2689 quod
663 2603 787 2668 adventu
804 2616 855 2666 tuo
872 2609 928 2666 ista
941 2608 1006 2666 suo

163 2693 242 2750 sellia
262 2691 428 2750 vacuefacta
448 2697 524 2761 sunt,
543 2691 623 2768 quod
647 2708 747 2750 omnes
767 2688 936 2760 consulares,
955 2688 1005 2764 qui

162 2772 216 2829 tibi
230 2789 365 2849 persaepe
379 2770 417 2828 ad
432 2770 548 2828 caedem
563 2769 713 2828 constituti
727 2769 853 2839 fuerunt,
866 2767 950 2824 simul
964 2774 1006 2824 at·

163 2870 219 2936 que
235 2849 380 2922 adsedisti,
391 2857 503 2926 partem
520 2849 606 2906 istam
623 2847 823 2906 subselliorum
840 2846 947 2903 nudam
964 2853 1005 2902 at

163 2950 219 3007 que
235 2931 349 2988 inanem
364 2927 547 3005 reliquerunt,
556 2947 614 3006 quo
630 2927 747 2985 tandem
764 2927 861 2984 animo
878 2925 933 2982 hoc
950 2924 1005 2981 tibi

163 3009 316 3067 ferendum
338 3009 441 3086 putasl
483 3008 528 3064 17.
544 3007 628 3064 Servi
648 3005 811 3064 mehercule
831 3005 890 3062 mei
912 3003 936 3060 si
957 3022 1005 3060 me

163 3088 219 3145 isto
233 3095 318 3166 pacto
332 3092 501 3158 metuerent,
514 3093 546 3144 ut
560 3093 589 3144 te
602 3092 737 3143 metuunt
748 3091 848 3142 omnes
861 3083 936 3140 cives
950 3083 1003 3152 tui,

163 3167 282 3224 domum
296 3186 389 3224 meam
401 3165 616 3241 relinquendam
627 3171 775 3241 putarem:
796 3169 830 3220 tu
840 3162 893 3220 tibi
905 3160 1003 3219 urbdm
