2240 3418
349 125 815 194 cnr.xxv1.-xxm,§es-⁷1.·
958 134 1008 184 aar

163 237 275 317 pudetl
294 235 325 293 in
340 253 404 312 qua,
415 233 544 311 quamvis
558 233 630 291 nihil
645 233 746 311 sapias,
755 241 852 292 tamen
865 233 939 292 nihil
952 235 1007 293 tibi

187 322 262 376 otest
276 335 336 374 esse
350 313 516 372 iucundum.
552 313 696 372 XXVIII.
707 312 756 370 An
770 320 811 385 tu,
821 313 870 372 illa
883 315 913 371 iu
924 315 1007 388 vesti<

164 339 234 456 iulo
251 403 343 455 rostra
360 389 405 468 [ae
422 391 526 471 spolia]
544 413 611 452 cum
632 393 775 470 aspexisti,
789 394 908 451 domum
926 401 1007 452 tuam

164 485 194 535 te
207 477 326 535 introire
340 475 443 553 putasl
477 473 552 532 Fieri
566 492 624 531 non
638 479 742 551 potest.
779 472 915 543 Quamvis
929 475 1006 533 enim

47 605 50 612 .
165 558 226 617 sine
243 563 347 627 mente,
360 554 422 612 sine
442 573 527 612 sensu
548 554 595 624 sis,
607 561 641 611 ut
657 573 695 625 es,
706 561 803 610 tamen
820 561 850 612 et
865 561 894 612 te
911 562 940 612 et
956 562 1007 614 tua

164 643 194 694 et
209 644 277 695 tuos
293 635 379 693 nosti.
422 634 483 692 Nee
500 653 567 692 vero
583 641 613 692 tc
629 651 767 712 umquam
783 634 1007 712 nequevigilsn·

164 723 224 774 tem
241 734 334 794 neque
350 715 381 772 in
398 714 507 772 somnis
524 713 611 772 credo
626 733 710 791 posse
726 720 824 772 mente
842 715 1004 774 consistere.

164 795 287 854 Necesse
303 801 355 867 est,
367 795 499 873 quamvis
516 794 562 867 sis,
575 800 609 852 ut
625 813 663 866 es
675 793 839 852 vinolentus
855 801 884 852 et
897 795 1004 868 furens,

164 894 230 933 cum
246 874 301 933 tibi
318 875 432 933 obiecta
447 875 485 933 sit
501 875 611 952 species
631 874 783 952 singularis
803 875 864 948 viri,
876 876 1006 952 perterri-

163 962 226 1012 tum
247 961 277 1012 te
297 955 335 1013 de
355 973 458 1012 somno
478 954 604 1027 excitari,
617 954 711 1012 furere
728 955 815 1013 etiam
836 975 920 1033 saepe
936 956 1010 1034 vigi--

164 1034 280 1093 lentem.
323 1040 370 1092 69.
386 1034 434 1092 Me
451 1034 569 1112 quidem
586 1035 703 1092 miseret
717 1036 860 1112 parietum
877 1036 1005 1114 ipsorum

163 1122 250 1191 atque
273 1121 424 1173 tectomm.
467 1113 546 1183 Quid
570 1115 647 1172 enim
672 1133 809 1192 umquam
832 1115 936 1173 domus
957 1115 1023 1173 illa.

163 1194 272 1252 viderat
288 1194 344 1252 nisi
360 1194 520 1272 pudicum?
541 1194 612 1272 quid
628 1195 683 1252 nisi
700 1213 735 1251 ex
751 1195 863 1270 optimo
881 1213 959 1252 more
976 1202 1005 1253 et

163 1274 342 1332 sanctissima
365 1273 536 1352 disciplina?
576 1274 644 1332 Fuit
667 1273 745 1332 enim
769 1274 816 1332 ille
840 1275 892 1346 vir,
909 1282 1009 1352 patres

163 1353 326 1431 conscripti,
341 1353 426 1412 sicuti
447 1353 534 1426 scitis,
550 1373 616 1412 cum
637 1353 710 1412 foris
730 1354 821 1412 clams
841 1360 904 1412 tum
924 1354 1004 1412 domi

146 1433 353 1492 admirandus.
367 1452 462 1512 neque
482 1433 568 1492 rebus
587 1434 713 1492 extemis
732 1433 826 1511 magis
845 1433 1005 1493 laudandus
1112 1465 1116 1480 ·

164 1530 250 1589 quam
273 1513 415 1572 institutis
436 1513 620 1572 domesticis:
647 1513 734 1570 huius
758 1514 788 1570 in
813 1513 928 1571 sedibus
951 1533 1004 1592 pro

94 1635 103 1656 .
163 1592 300 1650 cubiculis
320 1593 440 1665 stabula,
452 1612 507 1671 pro
526 1593 659 1652 tricliniis
677 1593 803 1671 popinae
825 1600 899 1652 sunt
941 1594 1005 1652 Etsi

162 1671 220 1730 iam
231 1679 325 1750 negat.
355 1672 454 1730 Nolite
466 1692 607 1750 quaerere.
638 1673 725 1750 Frugi
736 1674 830 1731 factus
840 1681 891 1732 est.
921 1673 1004 1731 Illam

163 1771 243 1810 suam
257 1772 322 1810 suas
335 1749 380 1811 res
396 1752 451 1810 sibi
464 1753 569 1811 habere
583 1752 673 1826 iussit,
684 1773 719 1812 ex
733 1753 885 1812 duodecim
899 1753 1004 1812 tabulis

163 1831 254 1889 claves
270 1832 387 1903 ademit,
399 1833 503 1910 exegit.
546 1832 641 1902 Quam
657 1853 744 1910 porro
763 1841 908 1911 spectatus
925 1835 1003 1908 civis,

163 1929 248 1988 quam
265 1911 423 1989 probatus!
444 1913 525 1972 cuius
542 1931 576 1970 ex
594 1913 674 1969 omni
687 1913 747 1970 vita
760 1913 832 1971 nihil
847 1913 1005 1972 cst'hones

162 1991 220 2048 tius
237 2011 322 2070 quam
337 1992 495 2070 quodcum
511 1992 603 2048 mima
618 1991 689 2048 iecit
703 1992 867 2051 diuortium.
901 1993 947 2051 to.
963 1992 1005 2052 At

163 2089 249 2148 quam
269 2071 369 2130 crebro
389 2078 525 2149 usurpat:
548 2071 695 2128 eteoceal
714 2079 741 2128 et
759 2071 929 2130 Antonius?
948 2072 1004 2131 hoc

162 2157 206 2208 est
222 2151 323 2223 dicere,
335 2158 365 2210 et
381 2151 481 2210 consul
497 2158 527 2210 et
544 2150 795 2228 impudicissimus,
811 2160 840 2210 et
859 2153 958 2210 consul
975 2160 1004 2211 et

162 2229 250 2288 homo
263 2230 462 2309 nequissimus.
505 2231 582 2300 Quid
597 2238 641 2289 est
654 2231 731 2288 enim
748 2230 827 2288 aliud
839 2230 1004 2291 Antonius?

161 2309 238 2368 Nam
259 2311 283 2368 si
303 2310 430 2388 dignitas
454 2311 663 2388 significaretur
682 2311 713 2368 in
733 2311 860 2383 nomine,
875 2311 1002 2384 dixisset,

161 2390 255 2462 credo,
272 2389 428 2468 aliquando
449 2397 606 2448 euristeus
627 2409 656 2447 se
678 2396 707 2448 et
728 2390 874 2448 consulem
895 2399 925 2449 et
944 2390 1004 2448 An-

160 2470 282 2528 tonium.
325 2470 493 2548 Numquam
513 2470 601 2528 dixit„
633 2469 767 2528 Dixisset
787 2471 875 2528 etiam
895 2469 1005 2548 collega

161 2556 380 2627 meus‚*patmus
392 2556 468 2621 tuus,
480 2550 537 2608 nisi
549 2550 618 2607 situ
632 2569 663 2607 es
673 2550 750 2608 solus
758 2549 913 2609 AntonIus.
946 2550 1004 2609 Sed
1033 2579 1035 2584 ·

162 2627 267 2686 omitto
278 2648 312 2686 ea
321 2637 446 2706 peccata,
459 2649 531 2708 quae
541 2648 601 2687 non
615 2636 683 2688 sunt
696 2649 793 2688 earum
803 2631 928 2708 partium
940 2650 1004 2709 pro

160 2707 232 2784 pria,
247 2707 352 2786 quibus
371 2716 406 2768 tu
431 2728 492 2767 rem
516 2709 663 2787 publicam
687 2711 843 2769 vexavisti:
866 2711 903 2769 ad
927 2711 1004 2788 ipsas

161 2794 225 2844 tuas
242 2795 337 2864 partes
357 2788 451 2861 redeo,
467 2788 498 2846 id
515 2796 558 2847 est
575 2789 611 2846 ad
628 2789 711 2848 civile
731 2790 847 2862 bellum,
859 2790 941 2869 quod
955 2809 1004 2848 ua-

160 2872 234 2936 tum,
246 2866 411 2939 conflatum,
424 2875 588 2946 susceptum
603 2888 691 2946 opera
704 2876 754 2927 tua
768 2877 818 2928 est.

89 2981 100 3004 .
178 2967 180 2972 ·
201 2945 317 3004 XXIX.
349 2947 395 3022 71.
414 2947 470 3006 Cui
494 2947 570 3006 bello
592 2967 658 3007 cum
680 2956 799 3026 propter
817 2949 1002 3008 timiditatem

160 3031 241 3084 tuam
260 3032 323 3084 tum
344 3035 463 3104 propter
478 3027 612 3086 libidines
633 3028 771 3086 defuisti?
809 3027 945 3088 Gustaras
966 3031 1003 3087 ci-

161 3105 246 3168 vilem
267 3106 435 3182 sanguinem
456 3107 500 3165 vel
517 3108 615 3185 potius
636 3105 835 3166 exsorbueras:
860 3109 955 3167 fueras
971 3110 1003 3166 in

161 3183 221 3244 acie
238 3183 401 3244 Pharsalica
417 3187 637 3264 antesignanus:
658 3185 690 3246 L
700 3186 874 3262 Domitium,
886 3188 1003 3263 clarissi-
