2262 3412
133 105 165 156 ⁷4
290 104 330 154 IN
346 103 377 154 L.
393 101 597 154 cs'rmNAM
613 102 748 154 ORATIO
761 105 809 154 IV.

132 205 203 284 quid
212 222 266 282 ego
274 203 500 262 hoscehomines
508 203 678 281 ordinesque
686 223 889 278 commemoro,
899 225 971 284 quos
1041 221 1044 228 ’

132 285 259 363 privatae
278 284 419 356 fortunae,
432 303 504 361 quos
524 284 745 341 communis-res
760 285 882 361 publica,
898 305 972 362 quos

133 364 256 441 denique
272 362 395 435 libertas,
410 382 443 420 ea
459 382 531 440 quae
547 362 711 421 dulcissima
727 370 777 434 est,
792 364 830 422 ad
850 364 970 422 salutem

125 444 240 532 ,patriae
262 441 473 501 defendendam
497 443 650 500 excitavit?
690 442 793 500 Servus
817 449 860 501 est
884 463 970 502 nemo

16 523 183 648 (fidissimi
196 523 284 580 modo
298 521 439 580 tolerabili
452 521 620 580 condicione
634 522 672 579 sit
686 522 836 594 servitutis,
847 523 897 600 qui
910 543 985 584 non.

22 607 108 705 wqb
126 601 280 660 'audaciam
300 602 406 659 civium
427 601 630 679 perhorrescat,
648 581 698 678 l‘qui
719 621 779 659 uon
802 601 873 660 haec
895 610 977 679 stare,

83 661 96 706 ’ἔ
131 682 236 760 cupiat,
253 683 302 759 qui
318 700 377 738 non
393 688 507 739 tantum
526 689 665 758 quantum
681 681 769 739 audet
785 689 814 739 et
830 689 969 758 quantum

131 768 228 839 potest
248 761 378 819 conferat
402 761 439 820 ad
460 779 642 818 communem
664 761 783 819 salutem
804 760 983 854 voluntati&

134 841 179 898 17.
195 839 259 910 Qua
278 860 308 898 re
329 841 353 898 si
374 859 460 917 quem
480 847 606 898 vestrum
625 840 702 898 forte
723 849 886 899 commovet
903 841 967 914 hoc,

133 920 211 996 qnod
222 919 352 978 anditum
363 927 413 991 est,
421 914 557 977 lenonem
563 919 715 996 quemdam
726 919 840 978 Lentuli
853 939 970 979 concur-

132 1018 193 1056 sare
209 999 316 1056 circum
332 998 472 1070 tabernas,
483 999 576 1076 pretio
594 1018 704 1077 sperare
720 1019 804 1076 posse
823 1000 969 1058 sollicitari

130 1079 243 1136 animos
260 1079 406 1156 egentium
424 1085 510 1156 atque
526 1079 733 1156 imperitorum,
746 1087 789 1138 cst
804 1079 836 1138 id
852 1079 969 1157 quidem

132 1164 267 1235 coeptum
280 1166 366 1236 atquo
376 1165 557 1237 temptatum,
566 1159 617 1216 sed
627 1158 698 1216 nulli
712 1166 779 1216 sunt
788 1159 898 1218 inventi
908 1167 969 1218 tam

132 1245 181 1308 aut
191 1238 308 1297 fortuna
317 1239 414 1296 miseri
424 1246 474 1296 aut
483 1239 631 1297 voluntate
641 1239 746 1317 perditi
758 1241 807 1316 qui
817 1259 877 1297 non
887 1239 969 1298 illum

131 1318 226 1395 ipsum
238 1318 320 1376 sellae
331 1325 417 1396 atque
427 1319 521 1396 operis
532 1325 561 1376 et
572 1325 705 1396 quaestus
715 1319 853 1378 cotidiani
863 1320 967 1392 locum,

8 1417 117 1501 wie
131 1398 250 1534 tid
261 1397 969 1554 tltttittttbtttubttbtlttt

131 1556 225 1614 Multo
237 1576 303 1614 vero
316 1556 442 1614 maxima
454 1576 520 1634 pars
533 1577 640 1628 eorum,
650 1558 699 1635 qui
713 1559 743 1616 in
753 1559 879 1628 tabernis
892 1566 967 1631 sunt,

130 1636 187 1694 nisi
200 1636 339 1693 vero-id
353 1637 430 1694 enim
443 1637 540 1713 potius
557 1644 600 1695 est
613 1637 898 1715 dicendum—genus
913 1639 969 1698 hoc

30 1731 33 1736 ·
130 1716 294 1773 universum
308 1715 534 1773 amantissimum
549 1723 593 1774 est
606 1717 666 1796 otii
701 1716 818 1775 Etenim
832 1737 918 1776 omne
928 1719 970 1775 in·

131 1802 330 1867 strumentum,
343 1794 437 1853 omnis
454 1814 540 1872 opera
556 1803 641 1873 atque
659 1805 791 1874 quaestus
807 1797 970 1874 frequentia

131 1875 237 1934 civium
256 1881 440 1947 sustentatur,
455 1875 540 1933 alitur
556 1875 633 1933 otio:
656 1895 778 1952 quorum
795 1877 819 1934 si
836 1884 969 1954 quaestus

131 1955 252 2013 occlusis
272 1955 397 2013 tabernis
416 1955 509 2014 minui
530 1954 610 2027 solet,
622 1954 693 2033 quid
708 1954 826 2013 tandem
846 1956 969 2014 incensis

131 2035 262 2093 futurum
275 2035 351 2094 fuist

173 2119 218 2171 18.
235 2112 314 2182 Quae
330 2134 396 2173 cum
410 2115 452 2172 ita
465 2115 530 2186 sint,
542 2120 637 2191 patres
651 2114 814 2191 conscripti,
824 2115 906 2172 vobis
920 2135 970 2192 po

130 2192 192 2270 puli
208 2193 333 2251 Romani
348 2193 489 2271 praesidia
507 2213 567 2252 non
588 2194 707 2253 desunt:
732 2213 784 2252 vos
804 2214 840 2252 ne
860 2196 969 2271 populo

75 2273 77 2278 '
130 2272 262 2331 Romano
285 2274 381 2332 deesse
402 2273 557 2331 videamini
580 2273 736 2350 providete.
779 2273 832 2332 lx„
847 2274 970 2333 Habetis

130 2353 277 2411 consulem
295 2373 330 2412 ex
351 2353 481 2430 plurimis
496 2353 630 2430 periculis
648 2360 678 2412 et
697 2353 810 2412 insidiis
828 2361 914 2432 atque
934 2374 969 2412 ex

129 2432 226 2491 media
239 2440 332 2491 morte
345 2452 404 2490 uon
415 2431 455 2492 ‘ad
468 2433 557 2490 vitam
571 2453 660 2504 suam,
673 2433 723 2491 sed
736 2433 775 2492 ad
791 2433 911 2512 salutem
924 2454 971 2492 ve·

130 2520 218 2569 stram
235 2518 425 2570 reservatum:
447 2531 547 2569 omnes
563 2513 677 2570 ordines
694 2513 731 2570 ad
747 2513 969 2572 conservandam

130 2610 191 2649 rem
207 2593 351 2669 publicam
367 2598 471 2663 mente,
483 2591 638 2664 voluntate,
654 2593 760 2664 studio,
771 2594 885 2665 virtute,
900 2613 969 2652 voce

130 2672 329 2730 consentiunt:
351 2671 465 2728 obsessa
484 2671 596 2729 facibus
617 2680 646 2730 ct
661 2672 728 2730 telis
748 2673 853 2750 impiae
873 2673 969 2732 conin-

130 2752 250 2809 rationis
261 2750 342 2809 vobis
353 2750 472 2829 supplex
482 2770 584 2809 manus
592 2752 687 2810 tendit
696 2753 789 2830 patria
799 2753 968 2825 communis,

130 2831 213 2888 vobis
223 2850 261 2902 se,
273 2830 354 2888 vobis
364 2832 453 2887 vitam
468 2831 598 2889 omnium
612 2833 726 2905 civium,
738 2831 820 2890 vobis
833 2851 926 2892 arcem
940 2840 970 2891 et

131 2909 315 2987 Capitolium,
327 2909 409 2967 vobis
425 2927 487 2968 aras
501 2910 663 2984 Penatium,
675 2912 757 2970 vobis
773 2912 870 2990 ignem
888 2912 968 2970 illum

131 2988 237 3047 Vestae
253 2989 467 3066 sempiternum,
478 2990 561 3048 vobis
577 2991 707 3049 omnium
724 2992 844 3050 deorum
862 2991 970 3069 templa

131 3074 217 3144 atque
238 3068 362 3139 delubra,
374 3068 456 3126 vobis
477 3089 575 3128 muros
597 3078 683 3148 atque
703 3071 782 3128 urbis
800 3078 877 3129 tecta
894 3091 970 3128 com-

131 3147 255 3207 mendat
297 3149 448 3208 Praeterea
462 3148 499 3208 de
515 3158 608 3210 vestra
624 3151 691 3223 vita,
703 3150 739 3208 de
755 3152 911 3226 coniugum
925 3171 969 3209 ve
