2240 3418
390 121 469 174 CAP.
485 121 645 186 v.‘-VI1.,·§
661 123 775 178 14-19.*
831 139 834 142 ·
886 139 890 144 ’
948 128 996 178 281

111 273 115 280 .
153 225 312 290 rumvobis
326 243 418 284 essem
432 224 494 290 sine
507 223 950 305 defensionepurgatus-quam
963 235 999 286 nt,
1067 277 1069 281 .

156 305 296 385 quosdam
316 304 404 362 nimis
419 303 516 362 ieiuno
537 305 634 364 animo
651 311 681 362 et
696 311 819 382 angusto
839 325 995 380 monerem,

155 386 187 444 i'd
195 384 274 463 quod
284 402 397 461 semper
406 383 468 461 ipse
478 383 619 456 fecissem,
627 384 671 448 nti
681 384 879 444 excellentium
890 386 996 444 civium

155 466 292 524 virtutem
312 463 474 522 imitatione
496 463 623 542 dignam,
638 483 698 522 non
720 464 830 523 invidia
852 472 995 544 putarent
1031 487 1033 492 ¹

155 545 278 622 Magnus
292 550 335 602 est
348 543 379 600 in
393 562 424 602 re
437 542 552 621 publica
565 561 691 620 campus,
701 550 734 602 ut
748 545 890 622 sapienter
903 544 996 604 dicere

155 625 274 683 Crassus
297 622 415 696 solebat,
433 622 532 681 m'ultis
555 629 670 701 apertus
694 641 792 682 cursus
812 623 849 681 ad
872 624 995 684 laudern.

155 704 223 762 vll.
239 703 361 766 Utinam
378 702 495 781 quidem
514 701 556 760 illi
575 702 721 781 principes
735 703 871 776 viverent,
883 705 933 782 qui
949 724 997 763 me

155 791 222 862 post
231 803 329 844 meum
343 781 532 855 consulatum,
542 801 608 841 cum
619 783 655 840 iis
668 783 731 861 ipse
745 782 883 855 cederem,
893 784 997 860 princi-

154 873 291 941 pern'n'on
302 863 386 924 inviti
397 861 547 921 videbant!
579 859 646 922 Hoc
656 881 724 922 vero
734 869 865 941 tempore
875 863 905 921 in
916 869 997 922 tanta

154 943 254 1022 inopia
270 942 464 1002 constantium
481 943 512 1004 et
527 942 649 1002 fortium
666 942 858 1002 consularium
875 961 933 1020 quo
949 961 996 1001 me

155 1023 253 1081 dolore
273 1021 503 1094 adfici'creditis,
518 1041 585 1080 cum
605 1021 678 1082 alios
700 1022 775 1086 male
796 1023 909 1095 sentire,
924 1021 996 1080 alios
1023 1037 1024 1040 ’

154 1102 228 1160 nihil
244 1103 363 1160 omnino
381 1121 478 1160 curare
491 1101 614 1174 videam,
626 1095 697 1160 alios
713 1121 815 1180 parum
831 1108 997 1163 constanter

154 1182 185 1240 in
208 1189 342 1260 suscepta
365 1189 450 1243 causa
472 1200 638 1259 permanere
662 1181 890 1259 sententiamque
909 1199 995 1242 snam

112 1320 114 1325 ,
154 1281 213 1320 non
230 1280 343 1340 semper
360 1261 483 1322 utilitate
499 1262 540 1320 rei
558 1260 698 1339 publicae,
710 1261 761 1320 sed
777 1268 840 1322 tum
861 1279 920 1339 spe,
931 1267 996 1322 tum

154 1341 258 1404 timore
271 1341 433 1404 medearis
475 1347 523 1404 182
536 1340 623 1412 Quod
639 1341 663 1400 si
680 1341 745 1420 quis
755 1340 794 1399 'de
810 1341 996 1400 contentione
1017 1368 1019 1374 ¹

154 1421 332 1499 principatus
341 1421 460 1493 laborat,
470 1440 542 1498 quae
550 1421 634 1479 *nulla
647 1440 708 1479 esse
722 1419 816 1493 debet,
828 1419 996 1480 stultissime
1064 1457 1071 1472 ·

154 1501 233 1572 facit,
246 1501 271 1559 si
286 1501 370 1564 vitiis
381 1519 448 1559 eum
462 1501 567 1560 virtute
584 1500 749 1560 contendit:
770 1506 804 1561 ut
817 1500 901 1560 enim
911 1511 996 1560 cursu

155 1590 260 1653 numus,
272 1581 313 1638 sic
324 1581 360 1640 'in
377 1580 445 1638 viris
461 1579 586 1641 fortibus
602 1579 693 1638 virtus
702 1579 816 1641 'virtute
836 1586 994 1658 superatur»

152 1659 211 1732 -Tu,
223 1661 248 1719 si
264 1679 319 1738 ego
334 1659 371 1719 de
384 1679 415 1721 re
430 1659 547 1738 publica
562 1659 671 1738 optime
688 1660 818 1732 sentiam,
829 1667 863 1717 ut
876 1677 923 1718 me
935 1660 997 1730 vin·

155 1749 210 1812 cas,
225 1741 287 1818 ipse
312 1739 439 1819 pessime,
463 1739 586 1800 sentiesl
606 1740 705 1812 antei
725 1740 763 1798 ed
781 1757 829 1799 me
852 1739 996 1798 bonorum

152 1839 324 1885 concursum
348 1819 410 1882 fieri
430 1819 549 1891 videbis,
564 1819 602 1882 ad
622 1826 651 1878 tc
672 1819 820 1898 improbos
841 1819 996 1880 inuitabisl

152 1899 710 1990 .Nollem','primumsreipublicac'causa,
721 1899 924 1960 deindeetiam
935 1897 997 1978 dig'·

154 1979 254 2038 nitatis
264 1985 338 2040 tuae.
369 1978 426 2038 Sed
436 1979 462 2036 si
475 1978 653 2056 principatus
667 1986 806 2054 ageretur,
818 1999 904 2057 quem
914 1999 996 2038 num-

155 2078 242 2135 quam
266 2059 399 2136 expetivi,
421 2058 491 2136 quid
514 2057 634 2116 tandem
657 2057 828 2118 mihi.esset
850 2059 1004 2136 optatiusi
1113 2084 1115 2126 1

154 2137 218 2215 Ego
235 2138 311 2196 enim
332 2138 416 2196 malis
436 2137 585 2198 sententiis
601 2137 678 2196 vinei
697 2155 756 2196 non
773 2155 899 2215 possum,
910 2137 996 2196 bonis

153 2218 276 2276 forsitan
291 2217 401 2294 possim
417 2223 447 2276 et
459 2217 589 2276 libenter.
632 2221 678 2275 le.
690 2215 925 2295 Haeopopulum
939 2216 996 2276 Ro·

84 2337 88 2344 .
154 2313 273 2357 manum
293 2296 397 2368 videre,
409 2297 641 2369 animadvertere,
653 2295 778 2355 iudicare
797 2295 914 2373 quidam
934 2311 996 2357 mo·

34 2371 42 2386 ⁸
153 2376 224 2434 leste
238 2377 343 2437 ferunt
379 2376 534 2436 Poteratne
547 2375 652 2436 fierint
662 2393 721 2433 non
732 2374 853 2453 proinde
862 2374 996 2436 homines

154 2455 191 2519 de
212 2475 335 2534 quoque,
354 2462 388 2516 nt
409 2456 529 2534 quisque
552 2461 718 2527 mereretur,·
735 2455 913 2516 indicerentl
951 2455 996 2516 Ut

154 2536 232 2599 enim
246 2535 282 2596 de
296 2535 428 2594 uniuerso
443 2542 542 2594 senatu
552 2534 677 2613 populns
687 2533 836 2594 Romanus
848 2533 995 2596 verissime

154 2615 263 2674 indicat
275 2615 362 2676 nullis
375 2615 418 2678 rei
430 2614 561 2692 publicae
574 2614 753 2692 temporibus
769 2614 846 2673 huno
863 2614 995 2674 ordinem

154 2693 309 2758 firmiorem
330 2701 381 2752 aut
399 2687 551 2753 fortiorem
570 2694 669 2766 fnisse,
684 2694 724 2753 sie
743 2693 780 2753 de
800 2713 859 2752 uno
881 2710 995 2772 quoque

154 2781 285 2832 nostrum
309 2781 338 2832 et
361 2774 495 2846 maxime,
511 2775 561 2852 qui
582 2773 638 2832 hoc
659 2773 724 2832 loeo
747 2773 903 2834 sententias
927 2773 996 2833 dici·

154 2873 227 2926 mus‚
242 2853 430 2915 sciscitantur
442 2873 550 2926 omnes,
565 2859 650 2913 avent
670 2853 768 2914 audire
788 2853 859 2932 quid
875 2853 995 2932 quisque

154 2934 291 2995 senserit:
312 2934 355 2994 ita
375 2933 412 2992 de
431 2952 490 2993 uuo
507 2939 675 3012 quoqueut
696 2951 838 3012 quemque
858 2933 994 2992 meritum

153 3013 335 3083 arbitrantur,
353 3013 527 3076 existimant
569 3012 709 3072 Memoria
734 3018 835 3074 tenent
857 3032 904 3072 me
927 3019 994 3073 ante

154 3091 232 3150 diem
249 3103 314 3153 xr'11.
323 3091 468 3153 Kalendas
482 3091 627 3153 Ianuarias
642 3091 802 3170 principem
818 3092 995 3152 revocandae

154 3169 295 3235 libertatis
311 3171 418 3230 fuisse:
438 3189 486 3231 me
504 3191 539 3232 ex
555 3170 695 3232 Kalendis
710 3171 850 3232 Ianuariis
866 3171 904 3232 ad
919 3171 994 3232 bano
