2262 3418
135 75 204 165 rse'
280 110 842 164 ruor.auu10mnorn0mr10.

134 211 223 271 modo
236 231 270 272 ea
283 219 333 271 aut
346 212 487 290 depellere
499 212 665 290 potuissetis
681 219 732 272 aut
746 213 839 271 ferret
879 211 972 291 Impe·

134 293 209 351 rium
223 292 271 352 ille
285 293 309 350 si
319 299 420 350 nactus
433 298 515 365 esset,
527 293 632 350 omitto
646 293 747 364 socios,
759 299 869 350 exteras
881 293 972 351 natio-

134 392 193 444 nes,
205 391 294 450 reges,
305 372 476 430 tetrarchas:
498 379 566 430 vota
581 372 658 430 enim
674 372 816 445 faceretis,
827 379 861 430 ut
874 372 905 430 in
922 392 972 430 eos

135 471 165 510 se
185 453 283 530 potius
294 453 472 510 immitteret
492 471 578 530 quam
598 452 629 510 in
648 458 754 510 vestras
769 452 971 529 possessiones,

135 539 228 590 vestra
241 539 324 604 toeta,
336 538 443 590 vostras
453 532 603 609 pecunias:
625 531 760 609 pecunias
772 531 858 590 dieol
877 531 973 590 alibe-

135 612 181 683 ris,
193 611 305 670 medius
320 611 414 684 fidius,
426 618 456 669 et
471 631 489 669 a
506 611 677 688 coniugibus
693 611 794 670 vestris
813 631 884 670 num
905 631 972 670 uam

134 691 182 750 ille
196 692 347 750 effrenatas
360 711 425 750 suas
438 691 572 750 libidines
586 690 768 750 cohibuisset
804 691 888 769 Fingi
923 711 972 750 aee

134 779 206 848 puta
206 771 251 843 tis,
264 790 336 849 quae
356 778 465 848 patent,
480 791 552 864 quae
572 778 643 828 nota
662 777 730 828 sunt
746 769 887 844 omnibus,
900 790 973 849 quae

134 852 285 910 tenenturl
307 870 452 909 servorum
463 851 602 908 exereitus
616 850 715 908 illum
707 870 738 908 ιιι
748 850 819 909 urbe
832 851 974 928 conscrip-

134 930 264 988 turumf
265 931 347 1002 uisse,
358 950 409 1008 per
426 949 498 1008 quos
518 937 611 988 totum
631 949 692 988 rem
793 949 855 988 eam
872 949 973 1008 resque

134 1010 259 1087 privatas
277 1011 407 1068 omnium
426 1009 603 1088 possideret?
638 1009 684 1068 77.
700 928 794 1078 (lullum
814 1008 853 1068 ob
870 1028 932 1067 rem
948 1011 973 1068 si
1001 1061 1005 1069 .

135 1095 285 1147 cruentum
301 1089 429 1167 gladium
448 1097 548 1148 tenens
564 1090 699 1156 clamaret
715 1089 747 1148 T.
759 1089 890 1148 Annius.
912 1089 973 1148 Ad·

135 1177 203 1241 este,
211 1188 324 1246 quaeso,
331 1177 417 1248 atque
427 1169 565 1242 audite,
541 1187 630 1235 erues:
645 1169 678 1228 P.
686 1168 821 1228 Clodium
832 1169 971 1242 interfeci,

136 1251 196 1308 eius
215 1250 334 1322 furores,
345 1269 417 1328 quos
437 1249 523 1309 nullis
542 1250 601 1307 iam
620 1249 740 1326 legibus,
755 1249 841 1306 nullis
859 1249 974 1308 iudiciis

134 1330 247 1388 frenare
262 1337 434 1422 poteramus,
449 1330 505 1388 hoo
521 1329 598 1388 ferro
615 1335 644 1388 et
657 1328 711 1386 hae
728 1329 844 1407 dextera
856 1347 875 1386 u
887 1329 974 1388 eervi-

135 1409 216 1468 oibus
232 1409 333 1468 vestris
349 1409 468 1487 reppuli,
478 1429 530 1487 per
548 1428 597 1467 me
612 1415 645 1466 ut
661 1427 752 1468 unum
768 1409 821 1480 ius,
835 1409 972 1492 aequitas,

134 1488 220 1567 leges,
232 1489 354 1559 libertas,
366 1489 468 1566 pudor,
479 1489 644 1566 pudicitia
636 1507 667 1547 ιιι
684 1489 799 1546 civitate
815 1495 972 1560 manerent,

71 1579 77 1594 ¹
135 1575 209 1626 esset
219 1588 285 1628 vero
296 1569 457 1628 timendum
458 1587 602 1646 ,quonam
615 1568 704 1626 modo
718 1568 749 1625 id
758 1568 847 1626 ferret
857 1567 972 1627 eivitml

134 1647 220 1706 Nunc
237 1648 314 1707 enim
329 1648 393 1726 quis
409 1653 453 1706 est
470 1649 519 1726 qui
533 1667 592 1706 non
605 1646 716 1725 probet,
729 1648 779 1725 qui
792 1666 852 1705 non
865 1647 971 1719 laudet,

135 1729 185 1805 qui
199 1747 257 1785 nou
271 1747 361 1785 unum
375 1734 442 1804 post
454 1727 607 1786 hominum
620 1728 788 1786 memoriam
802 1726 834 1785 T.
843 1726 974 1785 Annium

134 1807 291 1884 plurimum
304 1808 346 1864 rei
359 1807 489 1884 publicae
502 1808 652 1885 profuisse,
664 1807 790 1865 maxima
802 1807 911 1865 laetitia
922 1826 975 1884 po·
1035 1845 1037 1850 ·

134 1887 235 1963 pulum
252 1887 425 1959 Romanum,
440 1895 573 1946 ounotam
590 1887 712 1959 Italiam,
726 1887 857 1946 nationes
873 1906 974 1952 omnes

134 1966 273 2024 adfecisse
290 1973 319 2024 et
335 1967 413 2026 dieat
429 1973 458 2026 et
475 1968 597 2026 sentiati
638 1966 705 2024 Non
723 1985 796 2044 queo
813 1975 909 2025 vetera
923 1967 974 2030 illa

134 2046 235 2123 populi
245 2045 369 2104 Romani
382 2047 490 2124 gaudia
502 2053 609 2125 quauta
621 2046 730 2105 fuerint
740 2046 881 2105 iudicare:
902 2047 974 2107 mul-

134 2131 178 2182 tas
195 2132 291 2184 tamen
308 2127 366 2184 iam
382 2146 561 2184 summorum
577 2125 783 2204 imperatorum
803 2125 973 2188 clarissimas

134 2205 268 2264 victorias
283 2212 360 2264 aetas
374 2213 473 2264 nostra
486 2206 566 2278 vidit,
582 2225 702 2284 quarum
715 2205 794 2263 nulla
806 2225 899 2283 neque
912 2213 973 2266 tam

135 2285 300 2350 diuturnam
320 2285 420 2344 attulit
436 2286 575 2344 laetitiam
594 2304 647 2343 nee
667 2292 787 2344 tantam.
830 2285 875 2343 78.
894 2285 974 2346 Man-

135 2364 201 2422 date
217 2364 272 2422 hoo
288 2365 451 2457 memoriae,
467 2366 582 2425 iudices.
625 2364 715 2443 Spero
731 2365 824 2424 multa
838 2384 889 2424 vos
905 2365 974 2426 libe·

134 2463 237 2521 rosque
248 2451 309 2502 vest
310 2464 356 2502 ros
370 2445 400 2502 in
414 2465 444 2503 re
457 2445 572 2537 publiea
581 2444 660 2504 bone
672 2464 732 2506 esse
745 2445 871 2502 visuros:
892 2445 923 2506 in
937 2445 973 2503 iis

135 2523 276 2601 singulis
268 2532 310 2582 uta
323 2543 434 2602 semper
445 2525 729 2598 existimabitis,'v1vo
743 2525 777 2583 P.
786 2524 889 2583 Clodio
900 2524 973 2583 nihil

135 2622 234 2660 eorum
254 2623 305 2661 vos
326 2605 435 2662 visuros
455 2599 552 2664 fuisse.
594 2603 630 2662 In
653 2623 734 2682 spem
758 2604 913 2664 maximam
933 2611 971 2676 et,

135 2701 221 2759 quem
235 2682 272 2739 ad
284 2683 404 2741 modum
415 2682 537 2756 confido,
545 2684 720 2742 verissimam
735 2703 833 2742 sumus
846 2684 971 2756 adducti,

134 2761 322 2840 hune1psum
342 2783 457 2834 annum,
473 2761 556 2820 hoc'
549 2782 612 2840 1pso
633 2783 747 2830 summo
766 2764 827 2822 viro
848 2764 971 2836 consule,

135 2858 296 2919 compressa
319 2807 470 2900 hominum
491 2842 614 2914 licentia,
634 2843 841 2921 cupiditatibus
864 2844 972 2916 fraotis,

135 2919 246 2997 legibus
280 2927 309 2979 et
338 2921 452 2979 iudiciis
482 2922 630 2981 constitut
623 2942 655 2994 rs,
677 2923 829 2982 salutarem
864 2923 974 2984 civitati

135 2999 206 3058 fore.
248 2999 327 3058 Num
344 3000 408 3077 quis
425 3007 467 3058 est
484 3001 573 3078 igitur
588 3008 648 3059 tam
666 3002 783 3060 demens
800 3023 849 3081 qur
841 3003 921 3062 hoe
938 3003 972 3062 P

135 3078 282 3136 Clodio'
256 3097 321 3136 vrvo
342 3080 508 3172 contingere
528 3082 655 3158 potuisse
676 3081 846 3141 arbitretur?
881 3082 975 3153 Quidl

136 3177 177 3230 ea,
189 3176 261 3236 quae
277 3159 390 3230 tenetis,
401 3159 513 3237 privata
528 3166 614 3238 atque
631 3167 724 3220 vestra
740 3161 908 3222 dominante
924 3163 976 3222 ho·
