2262 3412
399 140 477 190 cnr.
494 139 622 202 x.-x11.,
640 138 654 199 a
669 142 758 190 23-27.
796 147 799 152 ¹
968 144 1001 192 sa

200 242 269 300 XII.
312 248 358 300 26.
381 241 455 300 Cum
472 241 527 299 hos
544 241 605 301 fieri
617 241 772 299 bellissime
788 249 902 318 posset:
925 242 1001 300 Furr-

161 342 218 381 nus
240 323 371 380 Siamus
393 341 473 380 unus
495 340 565 379 nsr:
586 337 666 379 runo
688 339 785 379 unns:
808 322 912 379 deinde
928 322 1001 380 iudi·

160 403 254 460 cium:
274 401 434 459 noluerunt.
473 401 496 458 F
497 420 605 472 uanus,
615 402 717 478 inquit,
729 421 781 464 our
796 420 848 458 nsr
863 421 895 458 ru
907 421 998 474 norw,

162 502 214 546 our
236 481 367 539 Simuos
392 499 540 538 vooauua.
583 481 659 538 Satis
679 481 812 539 verbose:
838 482 910 538 cedo
931 483 1000 559 quid

160 563 278 640 posteat
303 581 367 618 nun
389 580 450 618 noo
472 579 513 617 nx
536 580 607 618 roan
630 559 795 628 Qurmrruu
817 580 905 619 unuu
927 580 999 618 nssn

161 661 222 699 aro.
261 641 339 710 Quid
352 642 433 698 tnrnl
470 639 546 697 Iunn
562 659 679 697 1131uo0
695 659 730 697 ra
747 660 787 696 nx
802 659 873 698 runa
889 659 999 698 uauuu

161 740 340 779 oousnaruu
352 739 442 778 voco.
474 719 551 789 Quid
559 720 626 777 huie
636 729 697 777 tam
706 720 863 797 loquaciter
873 720 1000 798 litigioso

159 802 344 878 responderet
354 801 409 872 ille,
419 801 496 858 unde
510 799 667 877 petebatur,
677 819 736 857 non
748 799 878 858 habebat.
914 799 1001 857 Tran-

160 881 198 938 sit
208 881 285 939 idem
300 882 360 939 iure
374 880 528 951 consultus,
538 880 665 937 tibicinis
676 879 771 937 Latini
782 880 887 937 modo:
907 879 999 938 Urna

160 980 197 1018 ru
213 981 263 1033 un,
275 962 377 1038 inquit,
391 980 431 1016 nx
448 979 520 1018 roan
538 978 648 1017 uranu
667 979 846 1017 cousnaruu
862 979 998 1031 vocasrr,

147 1060 232 1098 »runa
245 1059 358 1098 uuluae
371 1059 406 1097 rn
419 1058 549 1097 anvooo
581 1039 701 1096 Praetor
709 1040 860 1098 intereane
869 1040 1000 1117 pulcrum

159 1140 189 1177 se
208 1139 240 1177 ao
257 1121 373 1177 beatum
390 1125 503 1195 putaret
520 1125 605 1194 atque
622 1118 731 1195 aliquid
748 1119 808 1195 ipse
828 1139 878 1176 sua
897 1127 1000 1196 sponte

159 1199 330 1277 loqueretur,
346 1199 372 1256 ei
391 1217 505 1276 quoque
524 1216 636 1255 carmen
656 1198 849 1274 compositum
867 1206 918 1270 est,
934 1219 1000 1256 cum

159 1279 260 1337 ceteris
273 1278 357 1337 rebus
371 1277 525 1336 absurdum
539 1285 602 1334 tum
614 1296 680 1335 vero
693 1277 723 1334 in
739 1277 804 1335 illo:
825 1297 889 1336 su1s
905 1298 1001 1336 urnrs·

160 1378 220 1422 Qun
236 1377 464 1418 surnasrlrraos
480 1376 703 1416 raansnurmus
718 1376 807 1416 rerau
820 1376 896 1416 v1au
909 1376 998 1417 nroo:

159 1459 206 1497 1rn
222 1457 308 1499 trau.
344 1439 462 1496 Praesto
476 1438 574 1496 aderat
587 1438 699 1514 sapiens
713 1437 768 1510 ille,
779 1438 829 1516 qui
839 1437 910 1496 inire
924 1439 999 1496 viam

158 1519 290 1578 doceret:
309 1539 417 1577 annrrn
430 1537 515 1576 vrau.
545 1518 655 1576 Eodem
667 1518 739 1576 duee
750 1517 889 1577 redibant
919 1518 999 1577 Haeo

157 1600 216 1658 iam
229 1607 293 1658 tum
307 1600 385 1677 apud
398 1599 462 1657 illos
476 1597 610 1656 barbatos
623 1598 750 1670 ridicula,
763 1599 856 1671 crede,
867 1599 1000 1658 videban-

158 1686 220 1739 tur:
242 1680 381 1751 homines,
394 1699 459 1737 cum
476 1687 552 1737 recte
569 1687 655 1756 atque
669 1679 698 1735 in
713 1679 777 1737 loeo
795 1680 997 1759 constitissent,

158 1759 249 1818 iuberi
260 1761 344 1832 abire,
356 1767 396 1832 ut,'
406 1759 489 1817 unde'
497 1759 629 1829 abissent,
640 1760 742 1817 eodem
757 1760 854 1818 statim
865 1760 997 1817 redirent

158 1839 265 1898 Iisdem
281 1841 398 1917 ineptiis
413 1841 511 1897 fucata
530 1846 597 1896 sunt
613 1838 662 1896 illa
678 1839 791 1897 omnia:
813 1839 944 1909 Quarto
962 1859 998 1897 ru

158 1940 190 1978 nr
212 1940 284 1978 tuan
308 1939 478 1990 corworo,
496 1926 525 1977 et
547 1918 616 1976 haee
638 1913 732 1995 [eed]:
756 1927 838 1976 arua
859 1939 898 1977 ru
918 1939 998 1978 n101s

159 2018 220 2063 oua
236 2020 276 2056 nx
291 2017 389 2057 eausa
404 1999 640 2056 vnrnroavnruel
681 1996 759 2065 Quae
774 1999 843 2056 dum
860 2007 941 2057 erant
955 2019 1000 2057 oo·

158 2078 242 2149 culta,
254 2079 411 2136 necessario
428 2078 464 2135 ab
481 2078 529 2149 eis,
543 2078 593 2154 qui
609 2097 642 2134 ea
655 2078 799 2149 tenebant,
811 2078 998 2155 petebantur:

157 2165 258 2235 postea
274 2177 340 2215 vero
359 2157 525 2234 pervulgata
543 2164 629 2234 atque
647 2157 677 2214 in
697 2158 829 2215 manibus
847 2159 952 2216 iactata
970 2166 999 2217 et

158 2257 275 2296 excussa
294 2238 460 2295 inanissima
480 2237 647 2314 prudentiae
668 2245 779 2314 reperta
800 2244 874 2309 sunt,
890 2238 999 2297 fraudis
1042 2291 1045 2298 ,

157 2325 254 2376 autem
273 2324 302 2376 et
321 2317 459 2375 stultitiae
475 2316 647 2394 plenissima
690 2317 736 2374 27.
759 2316 835 2374 Nam
857 2336 922 2374 oum
938 2337 1000 2395 por-

157 2398 248 2456 multa
256 2397 399 2476 'praeclare
409 2396 521 2474 legibus
535 2403 628 2456 essent
639 2397 803 2468 constituta,
814 2416 847 2454 ea
860 2397 920 2454 iure
934 2417 999 2455 con-

155 2479 297 2536 sultorum
321 2478 445 2556 ingeniis
468 2477 603 2555 pleraque
630 2484 763 2554 oonupta
789 2496 822 2535 ao
846 2477 1000 2554 depravata

157 2566 231 2617 sunt.
274 2557 407 2616 Mulieres
424 2577 524 2617 omnes
541 2564 659 2635 propter
674 2557 869 2616 infirmitatem
887 2558 998 2616 consilii

156 2639 278 2697 maiores
294 2638 325 2695 in
341 2645 471 2696 tutorum
487 2643 630 2716 potestate
646 2655 706 2696 esse
723 2638 890 2696 voluerunt:
913 2638 943 2697 hi
957 2639 999 2696 in-

156 2723 295 2780 venerunt
315 2737 420 2795 genera
439 2724 576 2788 tutorum,
593 2736 664 2794 quae
684 2725 826 2795 potestate
846 2718 998 2776 mulierum

156 2800 378 2857 continerentur.
421 2797 507 2855 Sacra
520 2797 635 2854 interire
648 2796 690 2854 illi
704 2798 873 2856 noluerunt:
894 2798 998 2856 horum

156 2877 272 2956 ingenio
287 2897 367 2936 senes
381 2877 418 2935 ad
428 2877 626 2954 coemptiones
638 2877 783 2935 faciendas
794 2877 998 2936 interimendo

156 2976 219 3015 rum
234 2977 379 3017 sacrorum
395 2976 480 3015 eausa
495 2957 599 3034 reperti
614 2963 687 3015 sunt.
730 2956 764 3014 In
780 2958 859 3014 omni
874 2957 998 3033 denique

98 3059 103 3068 ·
156 3036 217 3094 iure
233 3038 310 3095 civili
328 3038 500 3115 aequitatem
520 3034 702 3112 reliquerunt,
718 3037 803 3093 verba
822 3037 884 3112 ipsa
902 3042 998 3093 tenue

157 3124 231 3188 runt,
239 3125 280 3189 ut,
289 3118 357 3194 quia
366 3119 396 3174 in
405 3117 524 3175 alieuius
534 3114 613 3174 libris
624 3115 747 3192 exempli
758 3134 841 3172 eausa
852 3115 882 3172 id
893 3133 997 3172 nomen

156 3195 331 3280 inuenerant,
342 3203 480 3276 putarunt
494 3215 593 3255 omnes
606 3195 746 3268 mulieres,
755 3213 826 3271 quae
841 3195 998 3270 coemptio·

310 3294 363 3392 3„
