2262 3418
137 136 185 185 148
274 133 345 185 Pao
360 135 391 188 T.
405 133 678 194 ANNIO'MILONE
691 134 834 186 ORATIO.
883 131 886 138 '
977 199 982 205 ι

136 235 287 293 contione:
312 234 382 311 quin
404 234 492 303 etiarn
516 234 555 292 M.
571 234 706 305 Favonio,
724 234 977 307 fortissimo'viro,

136 314 284 392 quaerenti
300 333 335 371 ex
352 333 386 372 eo
401 332 458 391 qua
473 332 524 391 spe
536 313 645 371 fureret
655 313 763 371 Milone
778 313 851 385 vivo,
863 333 979 392 respon-

136 395 181 452 dit
194 393 291 452 triduo
305 392 386 450 illum
400 400 450 456 sut
464 411 608 451 summum
624 392 783 470 quadriduo
798 411 858 450 esse
871 394 979 470 peritn-

135 491 217 532 rum:
239 492 324 550 quam
339 491 439 534 vocem
456 473 517 530 eius
533 472 660 529 adhunc
674 471 864 529 MGatonem
879 473 978 530 statim

137 553 279 610 Favonius
299 551 410 612 detulit
452 551 491 610 X
523 551 570 609 27.
589 551 709 609 Interim
725 570 791 608 cum
813 551 897 609 sciret
913 551 979 609 Clo-

83 652 86 657 ·
136 633 335 710 dius-neque
354 631 432 692 enim
449 637 510 689 erat
526 629 642 688 difficile
658 630 825 689 scire-iter
841 631 977 704 sollenne,

135 712 307 790 legitimum,
328 711 518 770 necessarium
546 717 613 768 ante
640 710 717 768 diem
746 729 810 768 xrrn
832 709 979 768 Kalendas

136 791 303 860 Februarias
318 790 422 848 Miloni
433 809 499 848 esse
516 789 676 848 Ianuvinm
697 790 735 848 ad
751 788 897 847 flaminem
913 809 980 868 pro·

136 871 272 942 dendum,
286 870 364 948 quod
380 876 440 928 erat
457 869 581 928 dictator
596 868 717 927 Lanuvii
733 868 813 941 Milo,
825 867 919 927 Roma
935 889 979 928 su·

135 950 198 1008 bito
212 951 274 1027 ipse
287 949 435 1026 profectus
448 948 541 1026 pridie
555 955 606 1019 est,
618 955 652 1006 ut
665 955 732 1006 ante
746 967 829 1006 suum
843 949 979 1021 fundum,

137 1029 216 1108 quod
236 1048 267 1086 re
286 1028 464 1087 intellectum
485 1035 536 1099 est,
552 1028 654 1086 Miloni
677 1027 797 1086 insidias
817 1028 977 1087 collocaret.

136 1109 235 1186 Atque
251 1108 293 1166 ita
308 1108 456 1186 profectus
475 1114 526 1179 est,
541 1114 575 1165 ut
593 1108 757 1166 contionem
774 1107 978 1180 turbulentam,

137 1189 167 1246 in
185 1208 241 1266 qua
259 1189 320 1246 cius
336 1188 417 1246 furor
433 1188 609 1246 desideratus
627 1194 679 1259 est,
692 1206 764 1264 quae
785 1186 834 1245 illo
851 1186 915 1263 ipso
931 1187 979 1245 die

136 1268 236 1327 habita
251 1276 303 1340 est,
314 1267 494 1345 relinqueret,
507 1286 593 1345 quam
613 1267 670 1324 nisi
687 1266 766 1324 obire
782 1266 919 1324 facinoris
938 1266 980 1324 lo

137 1368 203 1406 cum
217 1355 388 1425 tempusque
401 1347 545 1418 voluisset,
555 1365 712 1424 numquam
726 1344 894 1423 reliquisset
929 1352 977 1404 28.
998 1357 1000 1360 '

137 1427 208 1486 Milo
223 1435 319 1486 autem
333 1446 399 1485 cum
410 1427 441 1484 in
455 1433 555 1485 senatu
566 1425 669 1484 fuisset
680 1444 715 1483 eo
726 1425 781 1497 die,
794 1424 892 1502 quoad
901 1443 980 1482 sena-

136 1515 184 1566 tus
198 1514 242 1565 est
255 1506 398 1577 dimissus,
410 1507 529 1564 domum
543 1505 630 1577 venit,
643 1505 752 1564 calceos
766 1511 795 1562 et
808 1505 979 1564 vestimenta

136 1587 267 1658 mutavit,
285 1585 447 1664 paullisper,
465 1585 535 1643 dum
558 1604 588 1642 se
609 1604 690 1656 uxor,
707 1591 741 1642 ut
762 1584 803 1655 fit,
822 1587 977 1662 comparat,

138 1673 331 1725 commoratus
349 1671 401 1738 est,
413 1664 517 1722 deinde
533 1664 681 1742 profectus
701 1664 733 1722 id
749 1664 896 1740 temporis,
912 1683 977 1722 cum

136 1747 195 1804 iam
209 1745 336 1815 Clodius,
347 1744 372 1802 si
386 1744 503 1821 quidem
517 1763 552 1802 eo
566 1744 613 1801 die
623 1743 747 1801 Romam
757 1751 894 1801 venturus
908 1750 977 1814 erat,

137 1825 229 1884 redire
245 1824 393 1901 potuisset.
436 1822 484 1882 Ob
497 1823 573 1880 viam
586 1822 621 1881 fit
637 1823 663 1880 ei
677 1822 805 1893 Clodius,
817 1822 976 1899 expeditus,

136 1905 167 1964 in
179 1922 261 1982 equo,
271 1903 350 1961 nulla
362 1903 455 1974 raeda,
465 1902 551 1960 nullis
563 1902 787 1980 impedimentis,
797 1901 883 1959 nullis
893 1901 977 1960 Grae

136 1985 178 2043 eis
192 1982 354 2055 comitibus,
366 1990 400 2041 ut
414 1982 531 2053 solebat,
544 1983 605 2040 sinc
618 2001 715 2053 uxore,
727 1981 806 2059 quod
819 2001 977 2059 numquam

136 2065 214 2122 fere:
235 2082 301 2121 cum
318 2062 366 2120 hie
386 2062 545 2133 insidiator,
562 2061 612 2139 qui
632 2061 687 2119 iter
708 2060 781 2118 illud
802 2060 840 2118 ad
861 2061 977 2118 caedem

136 2143 299 2201 faciendam
313 2148 484 2220 apparasset,
497 2161 562 2199 cum
576 2159 665 2198 uxore
675 2140 825 2198 veheretur
837 2140 870 2197 in
882 2140 976 2210 raeda,

136 2222 313 2300 paenulatus,
325 2240 432 2299 magno
449 2228 478 2278 et
494 2221 636 2298 impedito
657 2227 686 2278 et
704 2219 838 2278 muliebri
857 2239 890 2277 ac
909 2219 978 2277 deli·

136 2309 201 2362 cato
218 2301 382 2360 ancillarum
399 2319 610 2379 puerorumque
626 2300 773 2358 comitatu.
816 2305 862 2356 29.
879 2299 926 2357 Fit
939 2298 977 2356 ob

136 2383 212 2440 viam
229 2381 333 2440 Clodio
350 2387 415 2440 ante
432 2380 555 2438 fundum
578 2379 640 2438 eius
658 2379 730 2437 hora
745 2380 806 2438 fere
826 2378 978 2436 undecima

136 2469 262 2520 autnon
282 2461 374 2519 multo
395 2479 483 2518 secus
526 2459 631 2518 Statim
648 2457 809 2536 complures
830 2477 895 2515 cnm
913 2457 978 2515 telis

136 2542 168 2599 in
181 2541 258 2599 huno
272 2540 383 2598 faciunt
397 2539 511 2597 deloco
528 2539 672 2616 superiore
686 2539 845 2615 impetum:
867 2536 977 2594 adversi

137 2620 297 2678 raedarium
308 2619 450 2677 occidunt.
482 2618 557 2676 Cum
568 2625 664 2676 autem
674 2617 722 2676 hic
733 2618 769 2675 de
780 2616 864 2674 raeda
873 2617 978 2674 reiecta

137 2699 259 2778 paenula
275 2698 435 2757 desiluisset
452 2717 538 2776 seque
555 2699 612 2756 acri
626 2697 723 2755 animo
737 2695 913 2766 defenderet,
925 2694 975 2766 illi,

137 2780 188 2858 qui
205 2785 285 2838 erant
305 2797 371 2836 cnm
388 2777 500 2850 Clodio,
511 2778 615 2856 gladiis
631 2777 750 2848 eductis,
762 2775 868 2854 partim
886 2793 978 2833 recur-

136 2878 198 2918 rere
222 2858 259 2916 ad
281 2858 405 2930 raedam,
422 2863 457 2916 ut
479 2877 497 2915 a
520 2865 602 2935 tergo
626 2856 764 2914 Milonem
789 2854 975 2924 adorirentur,

136 2939 251 3017 partim,
264 2938 343 3016 quod
352 2937 429 2995 huno
440 2938 498 2995 iam
511 2937 695 2995 interfectum
706 2941 849 3013 putarent,
860 2933 977 2991 caedere

136 3018 281 3096 incipiunt
297 3017 358 3075 eius
375 3035 477 3087 servos,
490 3016 539 3093 qui
556 3022 623 3093 post
639 3022 735 3073 erant:
757 3033 791 3072 ex
808 3012 913 3090 quibus
926 3010 977 3088 qui

138 3098 235 3156 animo
245 3095 323 3154 fideli
336 3095 367 3152 in
378 3095 528 3153 dominum
542 3101 572 3152 et
581 3094 723 3171 praesenti
733 3093 859 3163 fuerunt,
870 3090 977 3169 partim

139 3176 226 3236 occisi
240 3182 315 3247 sunt,
325 3174 439 3268 wtim,
449 3194 514 3234 cnm
526 3174 563 3232 ad
577 3175 691 3233 raedam
705 3171 828 3252 pugnari
838 3171 976 3242 viderent,
