2262 3412
381 155 459 207 CAP.
475 153 667 218 XVIIL-XX,
683 153 697 216 §
711 157 802 209 54-59.
982 161 1015 208 21

177 277 213 316 ne
229 255 371 334 legaretur
386 255 574 314 meabimus
590 255 642 314 Cu.
653 255 795 334 Pompeio
816 259 962 335 expetenti
978 279 1015 334 ,ae

177 336 343 415 postulanti.
385 335 493 395 Utrum
507 335 562 408 ille,
575 336 624 414 qui
638 336 766 414 postulat
779 337 817 394 ad
830 344 943 395 tantum
958 338 1016 397 bel·

177 416 238 473 lum
254 415 381 492 legatum
399 434 483 492 quem
500 415 577 488 velit,
592 416 713 474 idoneus
728 419 788 473 nori
804 423 847 474 est
864 418 913 494 qui
927 419 1016 496 impe—

110 541 113 548 ,
177 502 242 567 tret,
254 515 320 552 oum
337 495 423 552 ceteri
439 495 476 552 ad
492 495 659 572 expilandos
676 496 768 553 socios
784 495 1015 576 diripiendasque

177 574 337 653 provincias
351 594 423 652 quos
436 574 587 632 voluerunt
600 574 709 652 legatos
724 575 881 648 eduxerint,
893 597 930 634 an
944 579 1013 656 ipse,

177 656 257 712 errius
273 654 336 730 lege
357 654 431 711 salus
451 673 484 712 ao
501 655 627 732 dignitas
646 655 755 733 populo
776 655 908 714 Romano
929 665 1015 735 atque

177 733 311 794 omnibus
331 733 465 812 gentibus
485 735 642 792 constituta
662 742 713 808 est,
729 755 829 813 expers
848 757 908 794 esse
929 737 1015 796 debet

177 813 283 892 gloriae
298 814 358 872 eius
368 815 548 891 imperatoris
559 821 645 892 atque
655 816 716 872 eius
730 817 877 887 exereitus,
890 817 939 894 qui
950 836 1016 874 oon-

177 893 241 951 silio
257 894 348 970 ipsius
363 913 395 952 ae
412 893 538 970 periculo
555 901 599 952 est
615 895 807 954 constitutus?
849 903 894 954 58.
913 895 962 953 An
980 896 1012 954 Ο.

178 973 327 1045 Falcidius,
338 972 371 1042 Q.
381 973 521 1046 Metellus,
529 973 563 1043 Q.
572 973 685 1033 Caelius
697 975 875 1048 Latiniensis,
883 975 936 1034 Cn.
945 976 1016 1034 Len-

177 1054 262 1124 tulus,
281 1072 353 1131 quos
373 1073 473 1112 omnes
492 1053 610 1112 honoris
630 1075 715 1113 eausa
734 1057 862 1127 nomino,
881 1075 946 1113 oum
967 1055 1016 1113 tri·

177 1133 247 1191 buni
261 1132 338 1210 plebi
354 1133 485 1204 fuissent,
497 1153 572 1191 anno
589 1135 721 1213 proximo
735 1135 822 1213 legati
839 1155 899 1193 esse
915 1143 1016 1212 potue-

177 1220 259 1271 runt:
281 1213 312 1270 in
325 1233 384 1274 uno
394 1213 519 1271 Gabinio
533 1221 601 1272 suut
613 1221 673 1272 tam
687 1214 847 1290 diligentes,
859 1216 909 1292 qui
919 1216 949 1272 in
959 1215 1015 1274 hoe

176 1293 260 1365 bello,
273 1293 352 1370 quod
370 1293 432 1372 lege
452 1293 576 1352 Gabinia
595 1295 710 1372 geritur,
725 1295 756 1352 in
773 1294 828 1352 hoo
843 1295 1015 1372 imperatore

176 1380 263 1450 atque
283 1373 416 1446 exercitu,
429 1393 513 1451 quem
530 1375 583 1451 pdr
602 1393 653 1432 vos
673 1374 735 1452 ipse
755 1375 913 1446 coustituit,
929 1375 1015 1432 etiam

177 1453 331 1531 praecipuo
347 1454 408 1512 iure
425 1473 486 1512 esse
502 1454 637 1512 deberetl
676 1453 723 1512 De
740 1474 797 1532 quo
811 1453 933 1532 legan‘do
951 1475 1016 1512 oon·

178 1532 252 1590 sules
266 1552 349 1610 spero
366 1534 404 1591 ad
417 1541 546 1591 senatum
563 1533 717 1592 relaturos:
740 1535 790 1612 qui
804 1534 828 1591 si
842 1534 1017 1592 dubitabunt

175 1619 228 1670 aut
242 1613 444 1690 gravabuntur,
456 1633 510 1691 ego
530 1633 577 1672 me
594 1614 730 1692 profiteor
749 1613 912 1685 relaturum,
924 1633 1016 1691 neque

176 1711 224 1750 me
240 1692 379 1770 impediet
396 1693 563 1771 cuiusquam
579 1694 728 1752 inimicum
743 1694 878 1766 edietum,
894 1712 951 1771 quo
964 1695 1017 1751 mi·

177 1791 232 1829 nus
252 1773 334 1831 vobis
354 1773 446 1830 fretus
466 1780 592 1831 vestmm
613 1774 657 1831 ius
677 1773 904 1850 beneficiumque
920 1773 1017 1830 defen·

175 1851 254 1924 darn,
263 1861 356 1929 neque
365 1859 477 1931 praeter
484 1853 715 1912 intercessionem
724 1847 882 1932 quidquam
892 1852 1015 1924 audiam,

176 1931 214 1988 de
232 1951 296 2010 qua,
309 1939 341 1989 ut
357 1931 487 2004 arbitror,
499 1933 547 1989 isti
563 1933 627 2010 ipsi,
641 1934 690 2011 qui
706 1933 861 2005 minantur,
874 1933 960 1990 etiam
977 1937 1018 1990 at

179 2030 234 2088 que
251 2012 338 2069 etiam
360 2011 430 2088 quid
446 2011 529 2070 lioeat
546 2013 773 2070 considerabunt.
816 2013 881 2070 Mea
900 2013 1017 2090 quidem

175 2091 327 2163 sententia,
343 2091 476 2163 Quirites,
491 2111 566 2150 uuus
586 2092 622 2151 A.
632 2091 772 2150 Gabinius
791 2091 860 2150 belli
880 2092 1017 2150 maritimi

178 2189 329 2248 rerumque
349 2178 494 2248 gestarum
515 2171 567 2230 (lu.
582 2172 723 2249 Pompeio
745 2172 838 2229 soeius
859 2172 1016 2244 ascribitur,

178 2257 330 2327 propterea
347 2250 425 2327 quod
439 2251 510 2308 alter
525 2251 576 2308 uni
592 2251 664 2309 illud
679 2251 786 2310 bellum
803 2252 1017 2330 suscipiendum

179 2329 280 2387 vestris
294 2330 436 2408 suffragiis
450 2330 561 2403 detulit,
573 2331 645 2389 alter
658 2331 784 2390 delatum
798 2339 1018 2410 susceptumque

179 2409 313 2468 confecit.

177 2528 179 2532 -
219 2489 287 2547 XX
310 2491 368 2548 ¹59.
380 2489 535 2567 Reliquum
549 2497 636 2548 estut
647 2489 682 2548 de
693 2489 727 2559 Q.
738 2489 833 2548 Catuli
849 2491 1018 2549 auctoritate

179 2573 209 2626 et
229 2569 371 2626 sententia
388 2569 542 2627 dicendum
563 2589 623 2628 esse
642 2570 778 2628 videatur.
821 2569 883 2638 Qui·
897 2590 962 2628 oum
984 2590 1018 2628 ex

178 2647 261 2705 vobis
276 2656 430 2727 quaereret,
446 2649 514 2706 siin
528 2669 586 2708 uno
600 2649 653 2707 Cn.
663 2650 805 2727 Pompeio
822 2651 920 2707 omnia
933 2669 1019 2727 pone
1125 2659 1126 2662 ’

178 2729 256 2800 retis,
268 2728 292 2785 si
307 2728 377 2805 quid
391 2748 425 2787 eo
439 2729 549 2786 factum
564 2736 645 2801 esset,
657 2729 756 2806 inquo
768 2749 849 2808 spem
863 2731 961 2787 essetis
971 2729 1019 2786 ha·
1072 2803 1074 2806 Ι

178 2807 276 2880 bituri,
288 2808 365 2885 oepit
379 2828 516 2885 magnum
531 2829 597 2867 suae
610 2809 725 2866 virtutis
739 2809 864 2867 fructum
880 2829 912 2866 ae
927 2809 1019 2885 digni-

179 2887 342 2960 tatiacum
367 2907 466 2945 omnes
485 2907 543 2946 una
566 2907 656 2965 prope
676 2907 746 2946 voce
770 2888 800 2945 in
825 2908 859 2946 eo
882 2889 947 2965 ipso
968 2907 1019 2945 vos

180 2986 260 3044 spem
281 2967 430 3025 habituros
448 2987 510 3025 esse
527 2968 646 3026 dixistis.
689 2967 805 3025 Etenim
821 2967 886 3025 talis
907 2974 950 3025 est
966 2967 1017 3039 vir,

179 3045 305 3104 utnulla
320 3054 459 3104 restanta
479 3047 517 3105 sit
530 3067 563 3105 aa
577 3055 636 3104 tam
654 3047 785 3118 difficilis,
798 3065 882 3124 quam
898 3046 945 3104 ille
959 3065 1018 3103 uon

173 3132 209 3183 et
226 3126 345 3184 oonsilio
361 3145 458 3204 regere
474 3134 504 3184 et
520 3127 684 3204 integritate
701 3127 774 3184 tueri
788 3133 818 3183 et
831 3126 937 3183 virtute
954 3145 1019 3183 oon-

180 3203 263 3264 ficere
276 3207 375 3284 possit
412 3206 469 3266 Sed
480 3207 510 3265 in
523 3207 579 3265 hoo
593 3207 656 3284 ipso
671 3206 707 3264 ab
721 3225 755 3264 eo
769 3205 1019 3264 vehementissima
