2262 3412
132 117 166 166 50
295 113 336 163 IN
351 111 382 163 12.
398 110 602 163 CATILINAM
619 109 754 163 ORATIO
771 109 807 160 IL

129 215 205 273 bene
220 212 355 272 barbatos
370 210 482 283 videtis,
493 211 643 269 manicatis
659 216 690 269 et
704 210 840 269 talaribus
855 211 968 286 tunicis,
1038 223 1046 236 ‘

93 307 96 312 ’
131 292 201 351 velis
217 293 346 363 amictos,
357 309 416 348 non
430 291 514 367 togis,
527 309 649 368 quorum
666 291 760 348 omnis
775 290 915 349 industria
930 293 968 350 vi·

131 379 178 430 tae
189 376 218 429 et
227 355 364 448 viffair'di
374 368 455 426 labor
465 371 495 426 iu
506 369 680 426 antelucanis
693 369 770 427 cenis
784 371 967 446 expromitur.

66 507 68 512 ,
132 457 179 509 23.
202 450 236 508 In
250 451 295 506 his
309 450 443 586 gpppffirnus
457 467 557 506 omnes
570 449 715 520 aleatores,
726 468 825 506 omncs
838 449 967 523 adulteri,

57 529 74 550 ²
132 549 231 587 omnes
247 531 328 606 impu
369 528 565 606 impudicique
581 535 742 586 versantur:
764 528 795 585 hi
811 529 892 607 pueri
908 536 983 588 tam·

51 629 71 646 ··
131 608 220 687 lepidi
238 627 270 666 ac
289 608 403 666 delicati
419 626 478 664 non
497 607 590 664 solum
608 626 703 664 amare
719 615 749 665 et
764 609 861 680 amari,
876 628 968 686 neque

131 695 245 746 cantare
255 693 284 746 et
294 687 420 764 psallere,
431 687 482 746 sed
492 687 579 745 etiam
593 687 664 744 sicas
674 686 784 746 vibrare
797 694 827 745 et
837 707 969 766 spargere

68 814 74 839 .·
130 758 244 826 venerii
265 766 443 825 didiceffint:
472 767 522 844 qui
545 765 601 822 nisi
628 773 740 838 exeunt,
760 766 815 824 nisi
838 776 966 845 pereunt,

49 855 63 930 j
131 848 217 905 etiam
237 848 261 904 si
279 845 403 905 Catilina
422 846 546 923 perierit,
562 845 668 920 scitote
681 845 720 904 ho
755 846 786 902 in
806 847 969 924 republica
1049 901 1050 904 ,

13 949 29 988 .·
55 929 67 982 ’ῖι
131 927 201 984 semi
254 927 313 984 ‘um
340 912 527 983 Catilinffiu'm
554 925 654 983 futuru
734 925 844 985 Verum
870 934 968 986 tamen

131 1006 201 1083 quid
232 1006 272 1064 ibi
285 1006 334 1064 isti
349 1005 446 1064 miseri
460 1005 578 1064 voluntl
619 1003 698 1076 Num
715 1025 779 1076 suas
795 1025 891 1064 secum
907 1027 969 1065 mu-

130 1085 258 1144 lierculas
275 1093 341 1144 sunt
357 1086 388 1142 in
405 1092 496 1143 castra
511 1083 776 1170 ducturiijuem
795 1085 832 1143 ad
847 1087 968 1144 modum

128 1172 226 1223 autem
240 1165 296 1224 fllia
310 1184 403 1224 carere
416 1172 560 1243 poterunt,
570 1165 615 1222 his
628 1165 794 1242 praesertim
808 1167 865 1223 iam
879 1167 968 1223 nocti--

130 1245 203 1304 busl
227 1265 284 1324 quo
307 1247 403 1304 autem
423 1253 509 1322 pacto
529 1245 571 1302 illi
590 1245 778 1322 Apenninum
800 1252 886 1324 atque
906 1246 968 1304 illas

130 1326 246 1402 pruinas
266 1345 298 1384 ac
319 1325 581 1409 rumesperlerentl
602 1313 784 1383 nisi'idcireo
806 1326 968 1409 sefacilius

129 1405 253 1464 hiemem
274 1405 444 1464 toleraturos
464 1404 670 1483 putantquod
690 1406 761 1463 nudi
779 1406 810 1463 in
830 1406 967 1466 conviviis

130 1485 232 1544 saltare
247 1486 415 1543 didicerunt
472 1506 494 1537 ,a
533 1494 584 1528 ³¹¹
639 1477 685 1534 ὐ

170 1565 223 1624 XL
260 1561 306 1624 2'4.
326 1563 473 1624 O'bellum
484 1565 966 1644 magnoopegefflertimescendum,

130 1663 196 1703 cum
210 1645 283 1703 hanc
298 1645 335 1703 sit
347 1645 495 1722 lmbitums
509 1645 633 1703 Catilina
646 1652 804 1704 scortorum
819 1646 967 1705 cohortem
1059 1662 1066 1677 ³

130 1726 317 1803 praetoriam(
345 1724 579 1822 InstQunc,
589 1725 722 1798 Quirites,
733 1732 832 1784 contra
841 1727 893 1784 has
906 1734 967 1784 tam

130 1805 285 1882 praeclaras
295 1805 435 1864 Catilinae
443 1815 542 1883 cop1as
553 1813 645 1864 vestra
655 1807 795 1882 praesidia
803 1813 967 1884 vestrosque

129 1885 287 1969 exercitus:
309 1892 338 1944 et
352 1885 477 1963 primum
491 1885 646 1964 gladiatori
656 1885 697 1944 illi
714 1887 846 1945 confecto
864 1894 893 1944 et
907 1907 968 1944 sau-

129 1964 176 2022 cio
187 1966 316 2024 consules
326 1966 566 2043 imperatoresque
575 1962 683 2024 vestros
693 1963 846 2045 opponite:
864 1967 967 2024 deinde

131 2051 230 2102 contra
253 2045 331 2103 illam
357 2047 562 2123 naufragorum
590 2046 709 2104 eiectam
733 2064 765 2104 ac
789 2046 967 2104 debilitatam

130 2143 248 2182 manum
262 2125 362 2183 florem
375 2126 466 2183 totius
479 2124 578 2184 Italiae
594 2144 627 2183 ac
643 2125 731 2184 robur
743 2126 862 2185 educite.
905 2126 967 2184 Iam

130 2221 197 2263 vero
217 2205 302 2262 urbes
323 2204 498 2262 coloniarum
520 2224 553 2263 ac
574 2205 682 2263 munici
703 2206 796 2264 iorum
817 2206 968 2282 responde·

130 2283 204 2342 bunt
219 2285 360 2343 Catilinae
375 2285 494 2342 tumulis
511 2225 837 2362 silvestrjilffiffweque
853 2304 908 2362 ego
925 2305 968 2343 ee-

66 2377 70 2384 '
130 2369 204 2422 teras
225 2365 329 2442 copias,
345 2371 519 2436 ornamenta,
534 2365 786 2500 praesffllpvesm
805 2383 871 2422 cum
891 2363 968 2422 illius

131 2441 251 2522 latronis,
264 2445 363 2528 uma
381 2451 466 2522 atque
480 2450 610 2521 egestate
629 2462 663 2500 co
698 2461 757 2500 erre
776 2442 875 2502 debeo.
918 2449 965 2502 25.

131 2510 240 2594 sffl'si,
252 2523 364 2580 omissis
382 2523 427 2580 his
446 2523 537 2593 robae,
550 2523 653 2600 quibus
670 2541 724 2580 uos
742 2523 966 2599 suppeditamur‚

99 2594 108 2610 ⁴
130 2608 198 2679 eget
217 2601 272 2674 ille,
288 2609 396 2674 senatu,
411 2602 555 2680 equitibus
566 2587 713 2659 ‘Romanis
730 2595 873 2680 [popul0],
888 2603 966 2674 urbe,

19 2737 22 2744 .
132 2682 247 2774 aeg-Q
262 2681 456 2759 vectigalibus,
474 2688 577 2769 Q
596 2681 687 2754 Italia,
702 2682 856 2772 provinciis
877 2683 969 2740 omni·

131 2759 194 2833 bus,
212 2761 314 2819 exteris
334 2761 506 2834 nationibus,
525 2762 549 2819 si
568 2761 614 2819 his
633 2761 718 2820 rebus
738 2762 850 2820 omissis
871 2780 968 2820 causas

132 2839 216 2918 ipsas,
232 2860 303 2918 quae
323 2841 398 2899 inter
418 2861 447 2899 se
468 2840 634 2919 confligunt,
649 2841 820 2899 contendere
839 2841 967 2914 velimus,
980 2888 1011 2914 x

83 2939 167 2985 ..er
184 2939 218 2978 eo
235 2920 298 2998 ipso
315 2941 401 2998 quam
416 2921 497 2980 valde
513 2921 555 2978 illi
571 2922 682 2980 iaceant
697 2921 855 2999 intelligere
871 2941 968 2999 possu-

128 3019 204 3059 mus.
247 3001 290 3058 Ex
304 3001 357 3060 hac
373 3002 451 3060 enim
464 3008 545 3080 parte
561 3002 654 3079 pudor
667 2996 785 3078 pugnat,
797 3001 874 3058 illinc
888 3008 969 3078 petu-

133 3078 237 3139 lantia:
264 3081 332 3140 hinc
355 3082 501 3159 pudicitia,
520 3081 598 3139 illino
622 3088 768 3157 stuprum:
796 3079 864 3136 hinc
881 3075 976 3160 Q

133 3157 211 3218 illinc
224 3161 384 3220 fraudatio:
406 3161 473 3218 hinc
487 3162 586 3238 pietas,
598 3160 675 3218 illinc
692 3158 797 3217 scelus:
819 3157 886 3214 hinc
903 3177 967 3214 con·
