2262 3418
246 143 248 146 '
326 131 405 183 CAP.
422 131 534 182 XXXV.
538 133 696 183 -XXXVIL
700 133 859 196 ,5-97103.
971 141 1018 189 175

127 298 130 304 ,
179 235 362 294 inimicorum
378 239 503 305 tuorum,
515 252 570 310 ego
586 253 633 290 mc
649 233 780 312 plurimis
796 254 850 312 pro
867 241 896 292 te
913 237 1020 314 suppli-

179 335 242 372 cem
252 313 349 385 abieci,
357 312 442 405 bona,
450 313 581 371 fortunas
591 331 669 370 meas
680 333 712 372 ac
723 313 877 372 liberorum
888 334 1019 375 meorum

178 395 210 466 in
221 393 454 452 communionem
464 399 580 450 tuorum
581 399 754 486 ‘temporum
766 395 889 453 contuli:
907 396 962 454 hoc
973 397 1020 456 de-

179 475 266 551 nique
283 473 346 551 ipso
363 466 452 543 die,'
431 492 455 529 sr
472 491 544 550 quae
560 474 604 530 vis
620 480 664 530 est
683 480 790 550 parata,
803 474 827 530 si
848 493 921 552 quae
938 477 1020 535 dimi-

180 554 255 611 catio
269 553 346 631 capit
347 553 372 610 is
382 552 487 624 futura,
498 552 629 629 deposce.
666 551 762 621 Quid
754 573 812 610 ram
827 557 933 614 restat?
937 558 1020 650 quid

179 633 272 691 habeo
293 632 371 710 quod
389 632 494 690 faciam
514 651 568 708 pro
588 632 646 689 tuis
665 632 697 689 in
717 652 765 690 me
785 635 895 692 meritis
915 637 971 694 nisi
987 645 1020 696 ut

179 733 242 770 earn
259 712 405 770 fortunam
408 730 622 790 ,quaecumque
641 712 695 770 erit
711 719 769 786 tua,
782 713 885 772 ducam
905 719 1020 776 meamt

171 791 247 850 'Non
268 811 374 863 recuso,
389 811 448 848 non
470 791 573 864 abnuo,
585 809 693 870 vosque
714 793 840 866 obsecro,
855 795 972 867 iudiceS,
986 804 1020 854 ut

179 879 273 930 vestre
288 870 433 944 beneficia,
446 883 519 949 quae
531 873 562 929 in
579 891 626 930 me
640 874 810 944 contulistis
822 882 872 933 aut
888 875 918 932 in
935 875 1020 933 huius

180 952 270 1023 salute
290 952 418 1030 augeatis
439 951 536 1010 autin
557 951 685 1012 eiusdem
702 954 791 1012 exitio
808 974 941 1014 occasura
960 975 1020 1014 esse

180 1031 307 1091 videatis.
449 1069 450 1072 =

219 1111 379 1171 XXXVII.
409 1117 475 1170 101.
488 1111 544 1169 His
557 1112 681 1171 lacrimis
694 1134 753 1172 non
766 1122 898 1173 movetur
909 1115 1020 1173 Milo-

180 1199 223 1250 est
239 1191 365 1270 quodam
386 1191 547 1250 incredibili
567 1193 670 1252 robore
690 1195 870 1253 animi-sed
889 1195 1019 1254 exsilium

179 1272 220 1330 ibi
234 1291 294 1330 esse
307 1278 399 1349 putat,
412 1271 462 1330 ubi
476 1273 576 1331 virtuti
589 1293 649 1330 non
665 1274 703 1331 sit
716 1274 813 1332 locus:
835 1283 959 1338 mortem
973 1295 1021 1334 na-

137 1407 141 1416 ,
179 1359 259 1410 turae
277 1351 365 1410 finem
384 1371 453 1424 esse,
468 1370 528 1410 non
548 1373 680 1430 poenam.
722 1353 781 1412 Sed
796 1354 843 1412 hic
860 1374 894 1412 ea
913 1362 1018 1428 mente,

181 1451 236 1510 qua
249 1439 402 1490 natusest:
425 1433 495 1511 quid
509 1453 568 1506 vos,
580 1433 704 1492 iudicesl
721 1453 778 1511 quo
791 1434 915 1492 tandem
923 1436 1019 1493 animo

180 1513 275 1571 eritisl
301 1511 471 1570 Memoriam
481 1512 596 1571 Milonis
605 1513 772 1585 retinebitis,
780 1514 876 1591 ipsum
885 1514 1020 1574 1111111111

180 1599 210 1651 et
224 1593 277 1650 erit
287 1593 403 1670 dignior
413 1593 492 1651 locus
506 1594 536 1650 in
550 1594 632 1651 terris
646 1593 720 1651 ullus
734 1595 784 1671 qui
797 1594 870 1651 hanc
884 1595 1020 1653 virtutem

180 1674 304 1751 excipiat
318 1693 404 1767 quam
418 1673 474 1745 hic,
485 1692 535 1751 qur
526 1673 723 1751 procreavitl
752 1674 822 1745 Vos,
830 1693 881 1731 vos
894 1675 1018 1767 appello,

180 1754 371 1812 fortissimi'
344 1755 407 1826 vrri,
418 1773 468 1846 qui
459 1754 605 1811 multum
616 1773 669 1830 pro
683 1753 839 1847 republica
852 1755 1020 1832 sanguinem

181 1835 340 1892 effudistis:
362 1853 413 1892 vos
429 1834 460 1891 in
474 1833 527 1890 viri
541 1834 614 1891 etin
629 1834 698 1891 civis'
715 1834 815 1892 invicti
829 1834 955 1911 periculo
972 1854 1020 1911 ap·

180 1914 264 1991 pello,
279 1915 468 1985 centuriones,
483 1919 598 2006 vosque,
613 1912 734 1971 milites:
756 1913 838 1971 vobis
856 1933 914 1971 non
931 1914 1019 1972 modo

180 1994 414 2070 inspectantibus,
424 1959 474 2051 sed
485 1994 571 2051 etiam
583 1992 699 2051 armatis
709 2000 739 2051 et
746 1991 814 2050 huic
825 1993 931 2050 iudicio
942 2013 1020 2070 prac-

181 2073 340 2132 sidentibus
356 2073 426 2131 haec
443 2080 525 2132 tanta
538 2073 629 2130 virtus
645 2091 680 2130 ex
697 2072 750 2130 hac
766 2071 835 2131 urbe
853 2072 1018 2164 expelletur,

181 2153 423 2225 exterminabitur,
435 2153 620 2231 proiicieturl
656 2157 721 2210 102.
737 2151 825 2210 Ome
838 2153 983 2223 misemm,
993 2153 1021 2211 Ο

180 2251 228 2291 me
249 2233 413 2292 infelicem!
447 2233 593 2291 Revocare
614 2238 646 2290 tu
670 2251 718 2289 me
738 2232 768 2288 in
791 2197 1018 2309 patriam‚Mi10,

180 2313 301 2389 potuisti
311 2332 363 2390 per
376 2313 429 2371 hos
430 2333 504 2390 ,ego
518 2313 569 2370 te
560 2333 591 2370 111
602 2312 696 2389 patria
708 2331 760 2389 per
773 2310 888 2368 eosdem
899 2312 1020 2370 retinere

181 2410 240 2449 non
256 2394 376 2470 poterol
416 2358 495 2462 tinio
511 2391 691 2469 respondebo
711 2391 807 2449 liberis
827 2391 907 2469 meis,
923 2391 973 2469 qui
991 2398 1020 2449 11

181 2479 328 2548 parentem
349 2473 469 2530 alterum
490 2473 613 2551 putanti
634 2471 704 2549 quid
721 2471 783 2543 tibi,
796 2457 902 2540 Quinte
923 2470 1019 2542 frater,

181 2552 231 2628 qui
247 2571 323 2609 nnnc
343 2551 418 2624 abes,
433 2552 559 2610 consorti
575 2571 689 2609 mecum
709 2558 874 2628 temporum
890 2549 1021 2608 illoruml

45 2622 50 2630 ’
113 2695 118 2704 ,
181 2650 264 2689 mene
277 2650 336 2688 non
346 2631 474 2709 potuisse
485 2631 602 2689 Milonis
615 2631 736 2690 salutem
746 2631 821 2689 111ιι
831 2650 882 2708 per
896 2629 1019 2700 eosdem,

180 2729 232 2787 per
248 2730 320 2788 quos
341 2719 467 2769 nostram
488 2711 536 2768 illc
557 2713 712 2770 servasset?
752 2710 819 2769 At
811 2730 842 2768 1n
863 2730 920 2788 qua
937 2729 1022 2767 causa

180 2809 239 2847 non
256 2792 410 2884 potuisset
421 2809 493 2868 quac
510 2798 553 2849 est
569 2797 651 2868 grata
666 2790 851 2868 gentibue..
870 2808 954 2848 non
971 2808 1021 2865 po·

181 2871 326 2928 tuisse?
308 2890 351 2942 us,
363 2870 413 2947 qui
429 2871 553 2928 maxime
570 2869 603 2927 P.
614 2869 710 2927 Clodii
726 2877 820 2927 morte
837 2869 1019 2946 nequierunt:

82 2985 108 3018 -,
181 2969 239 3027 quo
260 2950 448 3028 deprecante?
468 2969 522 3008 me.
567 2954 632 3007 103.
651 2948 804 3018 Quodnam
826 2968 880 3025 ego
901 2948 1021 3024 concepi

180 3035 294 3086 tantum
308 3029 398 3087 scelus
412 3036 462 3087 aut
472 3028 568 3106 qnod'
561 3047 591 3086 rn
604 3048 651 3086 me
661 3035 776 3087 tantum
786 3028 898 3085 facinus
908 3027 1020 3099 admisi,

180 3108 297 3180 iudices,
313 3128 379 3166 cum
400 3108 448 3166 illa
468 3108 574 3166 indicia
593 3108 755 3166 communis
776 3107 857 3165 exitii
876 3105 1020 3184 indagavi,

180 3188 312 3265 patefeci,
327 3189 444 3266 protuli,
459 3187 601 3248 exstinxit
641 3186 774 3246 Omnes'
766 3206 797 3245 m
817 3205 865 3245 me
884 3204 1021 3263 meosque
