2240 3418
131 125 181 173 212
279 120 351 176 PRO
367 120 464 174 REGE
479 119 666 174 DEIOTARO
682 121 826 174 ORATIO.

131 243 191 282 sem
201 239 346 280 armorum
355 241 413 282 non
422 222 667 300 deponendorum,
678 221 729 282 sed
738 216 973 297 abiiciendorum,

131 304 208 361 hunc
230 303 268 360 ad
290 321 385 360 meam
409 302 609 360 auctoritatem
633 320 692 360 non
716 303 799 380 potui
823 304 972 376 adducere,

131 382 211 460 quod
225 388 254 439 et
267 382 329 459 ipse
345 381 462 440 ardebat
479 381 575 440 studio
588 378 669 439 ¹illius
684 381 753 439 belli
770 390 799 441 et
812 384 888 460 patri
904 385 975 440 satis

130 462 296 520 faciendum
311 481 372 520 esse
388 461 584 520 arbitrabatur.
621 461 700 519 Felix
713 461 770 518 ista
783 462 887 519 domus
901 481 974 540 quae

130 561 189 599 non
213 542 417 619 impunitatem
441 540 534 599 solum
558 540 664 618 adepta
685 541 731 613 sit,
747 541 798 600 sed
821 542 975 600 accusandi

131 623 218 680 etiam
229 621 390 680 licentiam:
411 621 593 679 calamitosus
603 619 758 678 Deiotarus
772 621 822 700 qui
836 628 865 680 et
878 621 914 679 ab
929 641 973 693 eo,

130 703 181 781 qui
194 703 226 759 in
239 701 342 759 iisdem
357 701 456 760 castris
469 700 567 772 fuerit,
579 699 593 778 l
607 719 667 758 non
680 700 769 758 modo
783 701 862 778 apud
874 707 912 773 te,
923 701 975 759 sed

130 783 218 840 etiam
232 801 250 839 a
263 781 322 838 suis
335 780 498 839 accusetur!
528 779 592 838 Vos
602 787 696 838 vestra
709 781 834 838 secunda
846 781 973 853 fortuna,

130 861 241 932 Castor,
256 879 315 918 non
336 860 459 938 potestis
479 859 540 918 sine
560 860 790 939 propinquorum
811 859 974 919 calamitate

130 960 191 999 esse
204 941 353 998 contentit

169 1020 224 1079 XI.
260 1025 307 1078 30.
323 1019 389 1078 Sint
408 1039 475 1078 sane
493 1019 670 1092 inimicitiae,
683 1039 756 1097 quae
772 1038 909 1079 essenon
926 1020 975 1079 de

129 1100 251 1160 bebant:
268 1120 318 1159 rex
332 1101 408 1159 euim
422 1100 578 1158 Deiotarus
591 1108 714 1158 vestram
728 1100 868 1158 familiam
882 1099 975 1158 abice·

129 1189 190 1239 tam
207 1188 237 1240 et
250 1180 400 1239 obscuram
415 1199 430 1238 e
444 1179 569 1238 tenebris
585 1180 616 1238 in
630 1179 722 1239 lucem
740 1181 886 1238 evocavit:
909 1181 974 1258 quis

129 1268 213 1320 tuum
223 1268 335 1339 patrem
346 1267 430 1318 antea
443 1260 508 1338 quis
521 1265 596 1319 esset
609 1279 695 1338 quam
710 1261 791 1318 cuius
801 1278 889 1338 gener
899 1267 974 1319 es'set

130 1341 259 1400 audivitl
299 1339 357 1399 Sed
371 1340 501 1418 quamvis
514 1339 626 1418 ingrate
643 1346 673 1398 et
686 1339 776 1417 impie
789 1339 975 1398 necessitudi

129 1421 175 1479 nis
193 1439 298 1480 nomen
317 1419 513 1498 repudiaretis,
525 1426 623 1477 tamen
641 1419 807 1478 inimicitias
820 1420 974 1478 hominum

130 1520 210 1560 more
233 1520 331 1579 gerere
347 1500 494 1578 poteratis,
512 1517 571 1558 non
594 1498 664 1557 ficto
687 1500 807 1558 crimine
830 1500 972 1573 insectari,

129 1599 189 1638 non
213 1589 345 1659 expetere
367 1581 465 1652 vitam,
486 1569 546 1638 nori
570 1579 673 1657 capitis
693 1598 840 1638 arcessere.
882 1579 972 1639 Esto:

130 1661 303 1719 concedatur
312 1660 382 1718 baec
397 1678 510 1740 quoque
524 1659 663 1718 acerbitas
674 1665 703 1718 et
714 1659 775 1718 odii
785 1659 972 1738 magnitudoz

130 1741 247 1810 adeone,
262 1748 295 1798 ut
316 1740 414 1797 omnia
431 1739 683 1816 vitee'salutisque
703 1740 866 1798 eommunis
886 1746 974 1818 atque

130 1821 218 1878 etiam
239 1819 427 1877 humanitatis
448 1819 511 1877 iura
531 1819 693 1878 violenturl
729 1819 849 1878 Servum
871 1819 975 1878 sollici·

129 1907 191 1958 tare
210 1899 312 1970 verbis,
327 1918 377 1976 ape
401 1899 606 1978 promissisque
629 1918 818 1978 corrumpere,
833 1898 974 1959 abducere

130 1980 259 2051 domum,
274 1986 374 2038 contra
394 1979 545 2037 dominum
569 1999 686 2052 armare,
701 1979 758 2038 hoo
778 1987 901 2119 esqnon
922 1981 974 2039 uni

130 2060 302 2139 propinquo,
313 2059 363 2117 sed
377 2059 512 2117 omnibns
524 2060 643 2120 familiis
657 2061 799 2119 nefarium
834 2059 920 2120 ellum
931 2061 974 2118 in-

130 2140 231 2198 dicere
266 2139 341 2198 Nam
355 2139 411 2197 ista
420 2139 582 2217 corruptela
592 2141 665 2198 servi
679 2141 704 2198 si
714 2159 772 2200 non
781 2140 870 2199 modo
880 2141 974 2218 impu-

130 2221 192 2279 nita
208 2220 303 2292 tuerit,
315 2219 367 2278 sed
382 2219 469 2278 etiam
487 2236 505 2277 a
519 2225 601 2278 tanta
617 2221 788 2280 auctoritate
804 2221 971 2300 approbata,

130 2300 202 2358 nulli
212 2301 334 2376 parietes
344 2307 472 2357 nostram
484 2298 613 2371 salutern,
623 2299 717 2360 nullae
728 2302 812 2378 leges,
822 2300 900 2359 nulla
910 2301 974 2360 iura

131 2379 301 2438 custodient
343 2378 406 2438 Ubi
419 2379 497 2438 enim
510 2379 550 2452 id,
563 2381 641 2459 quod
655 2381 735 2439 intus
749 2389 792 2440 est
808 2388 894 2459 atque
908 2399 973 2438 nos·

130 2467 216 2531 trum,
228 2459 347 2536 impune
360 2459 472 2519 evolare
486 2465 583 2538 potest
597 2468 753 2539 contraque
767 2480 820 2519 nos
834 2479 971 2540 pugnare,

130 2539 164 2596 fit
173 2539 204 2595 iu
219 2537 369 2597 dominatu
382 2539 512 2613 servitus,
523 2539 554 2597 in
569 2541 704 2599 servitute
714 2540 887 2600 dominatus
923 2547 970 2600 31.

131 2618 158 2677 0
172 2619 319 2694 tempora!
338 2619 366 2678 0
381 2620 494 2679 mores!
527 2619 739 2679 OnDomitius
752 2619 809 2692 ille,
820 2639 904 2699 quem
918 2640 973 2679 nos

131 2697 213 2777 pueri
225 2697 380 2770 consulem,
390 2717 546 2772 censorem,
556 2697 722 2778 pontificem
732 2701 891 2759 maximum
899 2700 973 2759 'vidi-

130 2795 203 2847 mus,
214 2777 429 2835 cumtribunus
445 2778 538 2856 plebis
554 2780 593 2838 M.
606 2779 743 2838 Scaurum
760 2780 920 2858 prinoipem
933 2780 973 2838 ci*

130 2855 229 2912 vitatis
239 2855 269 2912 in
280 2855 419 2913 iudicium
430 2857 531 2935 populi
542 2860 699 2917 vocavisset
710 2858 865 2937 Scaurique
875 2879 972 2918 servus

80 2961 85 2972 ·
131 2933 245 2990 adeum
259 2934 332 2991 clam
342 2934 461 2992 domum
472 2937 595 2994 venisset
605 2943 635 2995 et
645 2939 765 2996 crimina
778 2940 808 2996 in
820 2939 972 2997 dominum

131 3012 292 3070 delaturum
309 3031 339 3069 se
356 3032 416 3070 esse
433 3014 558 3086 dixisset,
570 3016 710 3092 prehendi
723 3017 871 3076 hominem
889 3019 974 3077 iussit

131 3091 169 3148 ad
179 3091 374 3168 Scaurumque
384 3091 494 3151 deduci.
527 3093 604 3152 Vide
615 3095 686 3172 quid
700 3097 906 3157 intersit-etsi
921 3099 982 3166 ini-‚-

132 3187 189 3246 que
206 3167 355 3226 Castorem
377 3188 442 3228 cum
460 3170 592 3230 Domitio
613 3191 748 3250 comparo
758 3177 858 3234 :-sed
874 3185 973 3236 tamen
