2240 3418
121 121 168 172 192
321 122 391 174 PRO
405 121 437 184 Q.
450 120 601 173 LIGARIO
618 119 761 172 ORATIO.

119 229 202 302 gesto
215 224 303 282 etiam
317 243 352 280 ex
365 230 446 300 parte
459 239 572 301 magna,
583 221 662 280 nulla
675 222 703 280 vi
716 227 840 295 coactus,
851 223 958 284 iudicio

120 323 153 361 ac
169 303 315 361 voluntate
326 303 371 366 ,ad
390 323 423 362 ea
438 323 517 361 arma
536 302 683 380 profectus
704 321 775 374 sum,
788 322 861 380 quae
879 312 960 363 erant

121 390 236 460 sumpta
257 389 357 440 contra
379 389 417 441 te.
458 382 549 460 Apud
573 401 659 459 quem
682 382 771 458 igitur
795 382 850 440 hoc
875 383 959 442 dicol

119 462 233 539 Nempe
253 463 331 539 apud
349 481 423 533 eum,
440 463 497 540 qui,
513 481 578 520 cum
600 461 656 518 hoc
678 461 769 533 sciret,
784 467 881 522 tamen
902 482 957 536 me,

119 548 186 602 ante
197 561 283 619 quam
296 542 377 614 vidit,
389 543 431 599 rei
444 541 575 619 publicae
588 541 730 600 reddidit:
753 542 802 617 qui
816 541 854 599 ad
863 561 910 600 me
924 563 959 601 ex

118 621 256 699 Aegypto
273 621 381 679 litteras
400 622 488 693 misit,
500 628 533 679 ut
550 641 640 679 essem
656 621 734 678 idem
755 621 806 698 qui
821 621 957 681 fuissem:

120 701 177 778 qui,
190 720 256 758 cum
272 701 334 778 ipse
350 701 552 778 imperatorin
568 707 632 759 toto
649 700 771 777 imperio
787 701 889 778 populi
903 700 959 760 Ro·

118 780 198 837 mani
213 799 286 838 unus
303 787 385 851 esset,
397 799 457 838 esse
473 799 520 838 me
537 779 658 838 alterum
671 799 771 856 passus
785 787 845 838 est:
867 800 884 838 a
900 801 959 859 quo

118 860 173 916 hoc
197 859 261 937 ipso
285 858 317 917 Ο.
330 859 424 918 Pansa
446 860 519 917 mihi
542 859 619 917 hunc
641 859 776 917 nuntium
797 861 959 936 perferente

118 949 267 1008 concessos
281 939 372 996 fasces
388 938 529 997 laureatos
539 939 739 1016 .tenui,·quoad
751 938 892 997 tenendos
907 959 959 1016 pu·

118 1017 193 1075 tavi:
216 1019 265 1094 qui
281 1018 354 1075 mihi
370 1021 433 1076 tum
450 1018 574 1096 denique
590 1038 620 1076 se
636 1017 756 1076 salutem
770 1019 884 1095 putavit
897 1019 959 1078 red·

118 1096 193 1168 dere,
202 1097 226 1154 si
240 1117 302 1155 eam
313 1097 399 1155 nullis
413 1098 563 1175 spoliatam
575 1098 749 1156 ornamentis
760 1097 892 1156 dedisset
930 1105 956 1158 8.

119 1176 204 1247 Vide,
217 1196 330 1254 quaeso,
341 1177 464 1250 Tubero,
475 1184 517 1249 ut,
529 1178 579 1255 qui
598 1177 634 1235 de
654 1197 720 1235 meo
737 1178 815 1235 facto
832 1197 890 1236 non
907 1178 959 1236 du-

117 1256 217 1329 bitem,
229 1256 265 1315 de
279 1257 385 1334 Ligarii
399 1277 458 1315 non
472 1257 592 1315 audeam
607 1256 743 1316 confiteri.
776 1256 874 1334 Atque
887 1255 958 1316 haec

24 1411 27 1418 ,
118 1343 270 1414 propterea
289 1336 325 1394 de
345 1357 392 1395 me
413 1337 481 1409 dixi,
497 1344 530 1395 ut
550 1335 623 1394 mihi
642 1335 765 1409 Tubero,
780 1356 847 1394 cum
868 1336 904 1394 de
927 1357 958 1396 se

118 1416 218 1474 eadem
233 1416 364 1490 dicerem,
374 1417 550 1494 ignosceret:
568 1417 649 1474 cuius
663 1435 717 1494 ego
732 1416 888 1474 industriae
898 1417 959 1494 glo·

118 1497 232 1572 riaeque
248 1497 332 1554 faveo
345 1496 390 1554 vel
406 1503 525 1574 propter
540 1497 731 1574 propinquam
746 1496 957 1574 cognationem,

113 1575 163 1638 tel
180 1575 258 1653 quod
278 1577 339 1634 eius
358 1577 476 1654 ingenio
497 1576 655 1652 studiisque
676 1575 810 1648 delector,
821 1575 866 1633 vel
880 1577 959 1653 quod

118 1655 232 1713 laudem
259 1655 446 1714 adolescentis
470 1656 626 1733 propinqui
649 1655 782 1713 existimo
806 1655 894 1714 etiam
920 1656 959 1714 ad
1018 1696 1022 1704 ι

117 1753 216 1792 meum
230 1735 354 1812 aliquem
363 1735 491 1793 fructum
501 1734 666 1793 redundare.
702 1740 728 1792 9.
742 1734 799 1792 Sed
809 1734 864 1792 hoc
875 1754 960 1812 quae·

118 1833 165 1872 ro:
187 1813 258 1883 Quis
268 1821 353 1892 putat
366 1833 427 1872 esse
436 1815 548 1872 crimen
559 1814 648 1872 fuisse
658 1815 688 1871 in
699 1813 818 1872 Afrioal
845 1813 959 1892 Nempe

118 1895 151 1965 is,
164 1893 214 1971 qui
231 1894 337 1971 etipse
353 1894 501 1952 insadem
518 1893 619 1951 Africa
635 1913 696 1952 esse
709 1893 801 1952 voluit
817 1900 847 1952 et
861 1894 960 1970 prohi-

118 1973 211 2031 bitum
231 1993 261 2032 se
279 1993 297 2031 a
315 1972 429 2052 Ligario
446 1973 581 2051 queritur,
594 1980 623 2031 et
643 1980 719 2032 certe
740 1980 840 2031 contra
862 1973 959 2050 ipsum

118 2052 269 2111 Caesarem
290 2060 333 2111 est
353 2072 520 2130 congressus
538 2059 671 2111 armatus.
714 2051 791 2122 Quid
808 2052 960 2124 enim‚'l'u·
999 2121 1003 2126 ¹

117 2132 195 2205 bero,
207 2140 275 2191 tuus
291 2133 338 2191 ille
359 2131 511 2191 destrictus
531 2133 562 2190 iu
583 2132 643 2190 aci'e
664 2131 827 2190 Pharsalica
846 2132 961 2210 gladius

118 2212 240 2290 agebat?
260 2213 341 2272 cuius
357 2213 432 2271 latus
447 2212 495 2270 ille
515 2231 614 2270 mucro
635 2211 769 2290 petebat?
790 2213 840 2289 qui
861 2231 961 2270 sensus
1024 2235 1030 2246 ·

119 2299 179 2350 erat
189 2311 334 2350 armorum
347 2293 482 2351 tuoruml
503 2311 575 2369 quae
588 2297 639 2348 tua
652 2310 742 2362 mens,
755 2291 838 2364 oculi,
848 2311 959 2366 manus,

50 2375 52 2382 ’
119 2372 203 2430 ardor
216 2373 323 2430 animil
344 2371 414 2450 quid
428 2369 580 2448 cupiebas?
601 2371 672 2448 quid
686 2371 823 2448 optabasl
864 2370 962 2430 Nimis

119 2469 224 2528 urgeo:
247 2452 421 2509 commoveri
434 2450 547 2509 videtur
560 2450 741 2508 adolescens:
762 2451 801 2508 ad
810 2470 857 2509 me
871 2470 962 2510 rever·

119 2537 177 2588 tar:
194 2529 297 2588 iisdem
310 2531 341 2588 in
355 2531 441 2589 armis
453 2530 506 2590 fui.
542 2529 594 2588 IV.
625 2535 670 2589 10.
683 2528 761 2599 Quid
771 2537 867 2588 autem
882 2530 962 2590 aliud

120 2610 240 2686 egimus,
249 2609 371 2682 Tubero,
386 2611 441 2668 nisi
462 2617 495 2668 ut
512 2609 590 2687 quod
609 2609 657 2667 bic
677 2617 775 2686 potest
793 2629 846 2668 nos
866 2630 962 2687 posse

119 2690 203 2746 muel
243 2688 372 2759 Quorum
392 2690 482 2768 igitur
504 2689 669 2766 impunitas,
688 2688 799 2762 Caesar,
817 2696 884 2748 tuae
908 2690 962 2748 cle·

48 2773 52 2779 '
120 2768 245 2826 mentiae
261 2768 322 2826 laus
338 2777 390 2841 est,
405 2788 503 2827 eorum
519 2769 648 2847 ipsorum
665 2769 703 2827 ad
716 2769 914 2828 crudelitatem
930 2776 961 2828 te

120 2856 203 2906 acuet
221 2849 332 2906 oratiol
371 2849 469 2925 Atque
487 2849 518 2906 in
536 2849 590 2906 hac
610 2868 695 2907 eausa
714 2868 774 2907 non
792 2849 865 2906 nihil
884 2850 962 2926 equi-

119 2927 196 2998 dem,
205 2927 328 3000 'Iluberq
338 2928 425 2986 etiam
439 2935 527 2999 tuam,
539 2927 589 2986 sed
603 2929 696 2987 multo
710 2929 803 3006 magis
816 2929 907 3005 patris
917 2929 971 2986 tui'

120 3006 303 3083 prudentiam
320 3007 457 3078 desidere,
474 3007 551 3084 quod
567 3007 656 3065 homo
676 3027 742 3067 cum
763 3008 881 3085 ingenio
897 3015 962 3065 tum

121 3085 209 3142 etiam
219 3085 350 3144 doctrina
360 3086 498 3144 excellens
511 3105 601 3163 genus
615 3087 670 3144 hoc
685 3107 786 3145 causae
798 3087 877 3165 quod
887 3095 963 3145 esset

18 3178 21 3184 ·
121 3183 181 3220 non
194 3164 304 3224 viderit.
347 3165 423 3222 Nam
437 3165 461 3222 si
474 3165 600 3237 vidisset,
612 3167 714 3244 quovis
728 3166 860 3245 proiecto
875 3187 962 3246 quam

122 3235 178 3300 isto
192 3243 280 3300 modo
294 3263 312 3300 a
324 3250 353 3301 te
367 3244 414 3319 agi
427 3242 580 3309 malmsset.
