2262 3412
407 130 640 202 canui-rx„
657 130 775 193 sicar.
982 137 1014 186 er

175 233 254 293 caelo
274 252 334 292 esse
354 251 508 311 percussas,
523 252 589 304 curn
610 240 640 291 et
660 233 817 318 simulacra
829 233 948 294 deorum
968 235 1015 296 de

176 314 258 392 pulsa
274 321 342 371 sunt
355 320 385 372 et
400 319 511 371 statuae
526 319 655 370 veterum
671 313 823 372 hominnm
840 314 965 373 deiectae
985 323 1015 374 et

175 395 273 472 legum
287 412 356 465 gera
369 393 569 471 liquefactaet
579 381 679 452 'ta—ct'us
696 393 782 451 etiam
803 394 859 465 ille,
875 395 925 472 qui
941 395 1015 454 hanc

176 475 276 532 urbem
292 473 431 544 condidit,
441 472 589 544 Romulus,
622 492 688 530 uem
705 473 867 532 inauratum
883 473 914 531 in
931 474 1015 552 Capi·

175 554 255 626 tolio,
270 572 390 630 parvum
410 559 496 630 atque
516 553 609 610 lactan
639 552 829 624 mulieribus
845 553 952 632 lupinis
973 555 1016 612 in·

176 633 312 706 hiantem,
327 633 416 691 fnisse
436 632 616 690 meministis
658 631 723 702 Quo
748 633 864 710 quidem
885 641 1015 712 tempore

176 733 242 772 cum
257 713 421 790 haruspices
437 731 471 770 ex
488 719 551 770 tota
566 712 681 770 Etruria
697 713 902 785 convenissent,
915 715 1016 778 caedes

175 800 261 870 atque
281 792 414 852 incendia
433 799 462 852 et
477 792 574 869 legum
583 784 739 852 'interdum
760 777 911 852 u‘liillum
932 794 1015 852 civile

176 892 208 931 ac
219 873 409 932 domesticum
423 879 452 932 et
462 873 552 931 totius
565 872 644 930 urbis
658 879 743 951 atque
757 873 871 951 imperii
882 893 1014 932 occasum

175 954 404 1031 appropinquare
418 953 559 1026 dixerunt,
571 953 627 1011 nisi
641 953 672 1010 di
685 953 861 1011 immortales
877 954 957 1011 omni
973 973 1015 1012 ra·

175 1034 254 1091 tione
270 1033 375 1110 placati
393 1051 445 1091 suo
461 1034 579 1091 numine
598 1051 689 1110 prope
705 1032 766 1091 iata·
782 1033 792 1090 i
814 1052 845 1090 sa
859 1033 1038 1092 flexissent-⁶

176 1119 223 1170 20.
235 1112 337 1190 Itaque
349 1113 465 1171 illorum
478 1111 622 1190 responsis
635 1120 698 1171 tum
714 1120 744 1170 et
754 1052 815 1170 lud
828 1132 880 1191 per
890 1104 1015 1172 'dies'de

175 1211 237 1250 cern
251 1192 322 1250 facti
332 1199 399 1250 sunt
410 1212 501 1271 neque
516 1212 560 1250 res
573 1191 632 1250 ulla
647 1211 719 1270 quae
733 1192 771 1249 ad
780 1192 935 1270 placandos
944 1193 1015 1251 deos

175 1273 332 1357 PQrti
340 1273 539 1350 praetermissa
552 1280 603 1344 est,
616 1271 761 1350 iidemque
771 1273 914 1330 iusserrmt
927 1273 1015 1330 simu·

169 1351 282 1410 lacrum
300 1351 377 1410 Iovis
392 1352 486 1412 tacere
501 1353 594 1410 mains
611 1359 640 1410 et
656 1352 687 1410 in
703 1351 814 1410 excelso
831 1352 969 1410 collocare
985 1360 1015 1411 et

175 1439 275 1490 contre
294 1439 380 1520 ΨΘ
400 1440 485 1490 antea
503 1433 598 1490 fuerat
619 1432 812 1490 adorientem
833 1439 1013 1490 convertere:

175 1531 207 1570 sc
222 1532 251 1570 se
267 1532 378 1591 sperare
392 1513 534 1585 dixerunt,
549 1513 573 1570 si
587 1513 660 1571 illud
672 1513 796 1608 signum,
808 1511 887 1589 quod
900 1511 1012 1585 videtis,

175 1591 243 1650 solis
259 1600 355 1654 ortum
371 1598 400 1651 et
416 1593 513 1651 iorum
530 1593 694 1670 curiamque
708 1592 892 1675 consp,iceret
904 1592 1014 1676 forent

175 1691 209 1730 ea
221 1672 346 1744 consilia,
357 1691 429 1750 quse
443 1672 516 1734 clam
529 1679 624 1750 essent
637 1673 710 1731 inite
722 1679 822 1732 contra
836 1671 956 1730 salutem
970 1691 1017 1729 ur-

174 1751 219 1810 bis
235 1759 321 1830 atque
337 1752 461 1829 imperii,
473 1751 688 1825 illustrarentur,
700 1759 734 1810 ut
747 1772 764 1810 a
780 1759 880 1810 senatu
893 1751 1015 1830 populo·

175 1851 230 1908 qne
244 1831 375 1890 Romano
392 1832 515 1910 perspici
531 1839 656 1910 possent
698 1831 796 1910 Atque
812 1831 884 1891 illud
898 1832 1014 1909 signum
1031 1881 1039 1891 .

175 1911 372 1988 collocandum
393 1911 523 1968 consules
539 1910 580 1968 illi
597 1912 768 1983 locaverunt,
784 1912 835 1969 sed
854 1919 935 1970 tanta
955 1911 1014 1970 fuit

175 1989 269 2066 operis
283 1991 410 2062 tarditas,
421 1997 455 2048 ut
470 2009 563 2068 neque
580 1991 772 2068 superioribus
788 1992 953 2049 consulibus
966 2011 1014 2050 ne

176 2088 231 2146 que
247 2069 331 2126 nobis
348 2075 413 2126 ante
433 2068 604 2128 hodiernum
626 2070 703 2128 diem
724 2069 915 2130 collocaretur.
957 2071 1011 2130 IX

176 2154 222 2206 al.
235 2127 371 2226 isio-duis
381 2155 477 2226 potest
490 2169 557 2221 esse,
566 2149 699 2221 Quirites,
708 2157 768 2207 tam
782 2169 895 2208 aversus
909 2170 1011 2223 avere,

174 2235 234 2286 tam
248 2247 391 2306 praeceps,
402 2235 463 2286 tam
476 2236 573 2286 mente
586 2237 694 2306 eaptus,
707 2230 757 2306 qui
770 2248 806 2288 ne
827 2236 857 2287 et
870 2229 940 2288 haec
954 2250 1014 2288 om·

175 2309 230 2380 nia,
243 2327 315 2386 quae
326 2309 464 2380 videmus,
476 2309 684 2386 praecipueque
694 2308 768 2366 hane
776 2249 881 2366 Eiidem
893 2309 1013 2368 deornm

169 2387 380 2452 immortalium
397 2395 471 2446 nutu
490 2407 523 2446 se
539 2395 681 2466 potestate
697 2388 908 2447 administrarit
947 2389 1014 2448 Ete-

174 2468 235 2525 nim
260 2487 326 2526 cum
346 2475 420 2527 esset
440 2469 481 2527 ita
502 2487 679 2546 responsum,
694 2467 802 2541 caedes,
817 2468 957 2542 incendia,
971 2469 1014 2526 in-

174 2549 292 2606 teritum
305 2537 494 2627 reipublicae
511 2548 678 2626 comparari,
691 2555 720 2606 et
734 2568 767 2607 ea
780 2567 831 2626 per
845 2549 927 2622 cives,
941 2569 1013 2626 quae

174 2634 237 2686 tum
254 2635 372 2705 propter
387 2628 617 2706 magnitudinem
638 2629 775 2688 scelerum
794 2648 853 2687 non
869 2628 955 2687 nullis
971 2629 1014 2686 in·

174 2706 322 2766 credibilia
336 2706 513 2780 videbantur,
529 2727 563 2766 ea
578 2727 637 2766 non
655 2708 744 2768 modo
760 2709 887 2786 cogitata
902 2728 920 2766 a
935 2709 1014 2767 nefa·

173 2787 224 2846 riis
237 2787 355 2859 civibus,
366 2807 465 2845 verum
479 2788 567 2846 etiam
581 2795 712 2866 suscepta
725 2808 785 2847 esse
799 2788 934 2847 sensistis
977 2789 1013 2846 Il-

173 2866 225 2926 lud
238 2886 304 2926 vero
318 2886 414 2925 nonne
427 2867 469 2925 ita
481 2886 614 2945 praesens
627 2875 679 2939 est,
690 2875 723 2926 ut
733 2875 807 2926 nutu
817 2867 894 2926 Iovis
908 2869 1013 2945 optimi

173 2947 292 3005 maximi
312 2947 423 3005 factrnn
443 2965 503 3006 esse
523 2947 660 3032 videatur,
672 2954 713 3019 ut
725 2967 790 3006 cum
807 2946 946 3006 hodierno
965 2947 1013 3006 die

174 3045 258 3085 mane
272 3046 323 3104 per
336 3027 434 3085 torum
447 3045 513 3085 meo
526 3027 606 3084 iussn
619 3033 648 3086 et
662 3027 802 3086 coniurati
816 3033 957 3084 eteorum
971 3027 1016 3085 in-¹

174 3107 252 3164 dices
265 3107 295 3164 in
312 3107 412 3165 aedem
426 3105 604 3165 Concordiae
621 3107 799 3180 ducerentur,
811 3125 845 3164 eo
862 3106 926 3183 ipso
942 3113 1028 3164 tem·'

174 3206 244 3263 pore
258 3168 403 3266 signum-s
430 3187 576 3246 tuereturt
597 3173 807 3281 Wffiato
818 3193 903 3264 atque
914 3186 1012 3246 advos
