2262 3412
385 149 462 201 CAl'.
478 152 634 216 VL·VIII.,
650 151 664 214 ξ
680 153 769 206 13-18.
793 160 795 166 ’
963 155 996 206 85

158 249 261 332 Itaque
277 271 336 310 non
350 271 385 310 ex
399 273 527 313 sermone
541 254 696 314 hominum·
709 256 824 330 recenti,
837 255 887 315 sed
901 277 935 316 ex
948 277 997 315 au-

158 337 267 394 nalium
291 340 432 392 vetustate
458 335 747 394 eruenda‘memoria
771 344 814 395 est
837 337 996 395 nobilitatis

158 421 232 474 tuae.
274 415 338 484 Qua
356 434 386 472 re
404 434 458 491 ego
474 421 503 472 te
522 434 633 493 semper
649 416 679 473 iu
699 423 828 473 nostrum
845 436 996 474 numerum

158 495 312 572 adgregare
326 495 411 567 soleo,
422 494 500 572 qnod
511 495 615 554 virtute
628 495 826 573 industriaque
839 497 994 573 perfecisti,

158 581 199 646 ut,
217 594 283 631 cum
304 575 407 653 equitis
427 575 551 637 Romani
571 593 646 632 esses
666 575 749 647 filius,
768 595 880 634 summa
899 583 995 635 tamen

158 654 346 730 amplitudine
376 655 480 733 dignus
509 662 648 732 putarere,
673 674 726 712 nec
755 655 828 712 mihi
859 676 995 734 umquam

156 734 253 810 miuus
274 735 304 791 in
325 734 523 814 Q,Pompeio,
541 755 617 792 novo
641 735 759 794 homine
783 743 813 794 01
836 736 995 794 fortissimo

157 815 226 887 viro,
242 815 355 872 virtutis
373 835 433 873 esse
451 816 544 875 visum
555 809 607 873 'est
625 834 711 893 quam
730 817 760 872 iu
780 815 897 874 homine
915 816 996 874 nobi-

157 893 265 952 lissimo
286 895 324 953 M.
339 895 472 954 Aemilio
515 891 629 954 Etenim
652 896 779 954 eiusdem
800 896 890 953 animi
910 903 995 974 atque

156 975 264 1050 ingenii
279 982 322 1032 est
334 976 455 1052 posteris
469 976 535 1047 suis,
546 976 624 1053 qnod
637 976 794 1055 Pompeius
808 976 886 1047 fecit,
897 976 995 1053 ampli-

155 1055 285 1112 tudinem
302 1056 434 1126 nominis,
447 1075 533 1134 quam
547 1076 605 1114 uon
619 1055 767 1133 acceperit,
781 1057 900 1127 tradere,
913 1063 950 1127 et,
963 1064 995 1114 ut

156 1133 284 1207 Scaurus,
296 1136 464 1194 memoriam
480 1155 570 1215 prope
586 1136 805 1194 intermortuam
822 1136 934 1214 generis
951 1137 994 1194 sui

155 1212 260 1271 virtute
273 1234 416 1273 renovare.

159 1343 161 1347 ,
195 1293 277 1352 VIII.
318 1295 362 1353 17.
383 1295 563 1374 Quamquam
577 1315 631 1373 ego
645 1296 703 1354 iam
717 1296 863 1373 putabam,
875 1296 992 1368 iudices,

153 1372 253 1444 multis
269 1374 337 1444 viris
351 1376 476 1434 fortibus
495 1395 531 1434 ne
547 1376 713 1454 ignobilitas
729 1377 841 1453 generis
861 1375 994 1434 obiicere

153 1459 208 1526 tur,
218 1474 284 1512 meo
294 1455 389 1516 labore
403 1475 463 1514 esse
473 1452 702 1533 perlectum,'qui
713 1475 771 1513 non
786 1455 991 1593 0010811110,

153 1533 319 1607 Catonibus,
335 1535 490 1612 Pompeiis,
506 1537 631 1614 antiquis
650 1536 714 1609 illis,
730 1536 882 1594 fortissimr
913 1537 991 1609 viu's,

153 1615 235 1672 novis
248 1615 421 1688 homiuibus,
434 1616 484 1674 sed
497 1616 542 1674 his
557 1616 725 1687 recentibus,
739 1616 836 1674 Mariis
854 1623 883 1675 et
896 1616 993 1674 Didiis

153 1693 307 1765 etheliis,
320 1697 577 1754 commemorandis
590 1695 727 1754 Iacebant.
767 1696 841 1754 Cum
856 1717 922 1755 vero
937 1718 992 1775 ego
1050 1749 1051 1752 ,

152 1777 234 1830 tanto
251 1773 399 1831 intervallo
416 1774 537 1833 claustra
553 1777 608 1835 ista
623 1775 783 1834 nobilitatis
802 1777 991 1854 refregissem,

152 1859 185 1910 ut
199 1853 294 1911 aditus
310 1854 347 1911 ad
360 1855 538 1913 consulatum
552 1856 680 1933 posthac,
693 1857 766 1914 sicut
780 1857 857 1934 apud
870 1858 993 1915 maiores

152 1939 266 1990 nostros
281 1933 347 2004 fuit,
358 1953 417 1990 non
433 1936 525 2012 magis
541 1934 685 1992 nobilitati
700 1956 786 2013 quam
800 1937 900 1996 virtuti
914 1946 993 2016 pate-

128 2061 133 2070 .
153 2018 204 2081 ret,
220 2030 278 2069 11011
297 2012 459 2086 arbitrabar,
476 2034 540 2071 cum
558 2035 592 2071 ex
609 2014 720 2072 familia
735 2018 824 2074 veteri
842 2025 872 2076 01
888 2017 991 2076 illustri

152 2091 252 2147 consul
273 2091 437 2168 designatus
456 2092 492 2151 ab
513 2094 617 2170 equitis
637 2094 760 2152 Romani
782 2096 850 2168 filio,
866 2098 989 2171 consule,

152 2169 360 2242 defenderetur,
382 2171 418 2229 dc
441 2174 552 2249 generis
576 2174 703 2231 novitate
731 2183 907 2234 accusatores
931 2197 990 2235 esse

151 2249 286 2310 dicturos.
328 2251 443 2309 Etenim
460 2252 533 2309 mihi
550 2253 605 2329 ipsi
622 2253 733 2325 accidit,
746 2262 779 2312 ut
796 2274 861 2312 cum
878 2255 990 2314 duobus
1089 2257 1093 2264 ’

150 2331 285 2407 patriciis,
297 2331 385 2389 altero
395 2332 608 2408 improbissimo
620 2334 913 2410 atque'audacissimo,
924 2336 991 2394 alte

151 2429 183 2466 ro
200 2412 411 2470 modestissimo
428 2419 513 2490 atque
530 2413 642 2489 optImo
659 2413 728 2485 viro,
743 2421 887 2490 peterem:
910 2415 990 2493 supe-

150 2492 211 2548 ravi
220 2498 315 2549 tamen
325 2492 464 2569 dignitate
475 2491 636 2563 Catilinam,
645 2494 738 2570 gratia
746 2493 874 2552 Galbam.
904 2494 989 2564 Quod

150 2570 174 2627 si
190 2570 220 2627 id
231 2571 340 2628 'crimen
351 2571 461 2630 homiui
473 2592 548 2630 novo
562 2592 622 2630 esse
636 2572 760 2645 deberet,
771 2575 902 2653 profecto
916 2576 988 2634 mihi

149 2649 242 2726 'neque
257 2651 366 2709 inimici
380 2671 471 2729 neque
485 2653 575 2710 invidi
589 2653 755 2712 defuissent.
800 2660 845 2712 18.
867 2655 989 2714 Omitta-

148 2749 214 2788 mus
225 2732 314 2808 igitur
324 2732 359 2790 de
373 2751 475 2808 genere
489 2732 589 2804 dicere,
600 2733 681 2791 cuius
695 2740 737 2792 est
750 2753 856 2812 magna
868 2735 899 2792 in
912 2743 989 2793 utro-

150 2829 205 2886 que
219 2811 361 2888 dignitas:
383 2812 528 2870 videamus
541 2820 641 2871 cetera

144 2956 147 2960 ,
185 2895 373 2966 Quaesturam
394 2916 451 2954 una
471 2897 556 2974 petiit
578 2903 608 2954 et
630 2916 693 2954 011111
714 2917 769 2974 ego
790 2897 885 2955 iaetus
905 2897 991 2974 p‘rior.

146 2995 204 3034 uon
234 2983 277 3034 est
304 2976 537 3054 respondendum
569 2977 605 3034 ad
638 2978 741 3036 omnia
784 2976 886 3053 Neque
916 2977 993 3034 enim

165 3075 318 3133 uemquam
337 3064 463 3114 vestrum
480 3056 566 3132 fugit,
583 3075 648 3113 cum
668 3056 754 3114 multi
772 3056 834 3133 pari
853 3054 993 3132 dignitate

139 3075 222 3205 110111,
235 3155 309 3193 nnus
326 3141 422 3193 autem
436 3136 562 3212 primum
583 3136 659 3193 solus
676 3135 768 3214 possit
785 3134 921 3206 obtinere,
933 3154 992 3192 non

145 3213 279 3274 eumdem
300 3234 360 3274 0000
385 3215 516 3274 ordinem
538 3215 689 3296 dignitatis
714 3221 744 3274 et
764 3214 991 3290 renuntiationis,
