2262 3418
120 125 168 172 182
282 124 353 176 PRO
370 124 408 176 M.
422 123 617 176 MARCELLO
634 123 776 176 ORATIO.

119 224 291 303 dignitatem
304 225 361 283 hoe
374 225 438 303 ipso
452 225 483 284 in
497 245 630 284 consessu
643 226 756 298 videtis,
767 246 827 284 non
838 226 885 286 ille
894 227 960 286 hos·

119 311 163 364 tes
176 304 291 363 induxit
304 305 335 362 in
349 305 465 377 curiam,
478 305 529 364 sed
542 305 679 364 iudicavit
692 325 710 364 a
722 306 866 384 plerisque
879 308 960 384 igno·

119 385 229 442 ratione
246 385 342 462 potius
359 392 388 443 et
401 385 475 444 falso
492 392 578 462 atque
592 386 671 444 inani
686 393 767 444 metu
782 406 868 464 quam
882 389 960 464 eupi-

119 465 209 526 ditate
230 471 280 522 aut
300 464 467 524 omdelitate
486 465 594 524 bellum
615 485 675 524 esse
696 473 868 544 susceptum.
912 472 957 525 14.

120 543 185 613 Quo
210 544 326 621 quidem
350 545 381 602 in
404 544 480 603 bello
505 565 617 623 semper
637 545 674 604 de
693 564 763 622 paee
784 546 959 604 audiendum

119 624 219 702 putavi
233 643 400 703 semperque
415 625 494 683 dolui
508 644 567 682 non
584 625 672 682 modo
686 644 795 702 paoem,
808 625 859 684 sed
872 627 960 685 etiam

120 704 279 762 orationem
290 705 395 762 civium
406 723 506 782 paoem
517 704 710 782 flagitantium
723 705 874 782 repudiari.
904 705 962 763 Ne-

121 802 176 861 que
198 784 274 842 enirn
299 803 354 861 ego
378 784 427 842 illa
447 803 501 843 nee
522 784 581 842 ulla
602 804 740 862 umquam
760 792 873 844 secutus
895 805 959 842 sum

120 882 199 920 arma
214 863 309 921 civilia
325 883 492 942 semperque
509 884 575 922 mea
594 865 713 923 consilia
728 864 808 942 pacis
829 872 858 922 et
874 872 960 942 togae

121 943 205 1014 soeia,
217 961 276 1000 non
289 942 357 1001 belli
370 951 457 1020 atque
473 963 617 1002 armorum
633 944 758 1003 fuerunt.
800 944 960 1002 Hominem

121 1042 184 1079 sum
199 1029 312 1081 secutus
322 1023 434 1100 privato
445 1020 573 1096 oonsilio,
585 1043 644 1082 non
654 1024 779 1101 publico,
789 1030 960 1101 tantumque

121 1102 199 1179 apud
211 1121 258 1161 me
272 1103 346 1180 grati
362 1103 452 1161 animi
467 1103 559 1162 fidelis
572 1104 711 1162 memoria
723 1103 821 1175 valuit,
833 1111 867 1161 ut
882 1103 963 1162 nulla
1029 1175 1032 1179 .

109 1172 180 1239 'non
196 1182 284 1240 modo
298 1183 464 1260 eupiditate,
476 1183 527 1241 sed
542 1203 579 1241 ne
596 1203 646 1261 spe
661 1184 778 1260 quidem
792 1183 917 1261 prudens
931 1191 961 1242 et

121 1262 212 1320 sciens
231 1269 379 1340 tamquam
400 1263 437 1322 ad
457 1263 605 1321 interitum
625 1282 736 1322 ruerem
757 1263 958 1322 voluntarium.

124 1347 168 1399 15.
181 1341 267 1412 Quod
277 1343 393 1420 quidem
404 1362 501 1400 meum
515 1343 666 1400 eonsilium
676 1343 796 1401 minime
807 1343 959 1401 obscurum

121 1421 186 1480 fuit.
229 1421 304 1479 Nam
327 1428 356 1480 et
378 1423 408 1479 in
429 1420 486 1480 hoo
508 1423 608 1480 ordine
630 1423 742 1500 integra
761 1442 792 1481 re
812 1423 904 1482 multa
924 1423 960 1481 de

77 1567 82 1576 ¹
121 1521 191 1579 paee
207 1501 268 1559 dixi
284 1508 314 1559 et
329 1502 359 1558 iu
377 1502 440 1579 ipso
456 1501 532 1560 bello
549 1502 754 1561 eadem'etiam
771 1522 838 1560 eum
858 1503 961 1580 eapitis

121 1581 179 1638 mei
189 1581 316 1658 periculo
330 1582 412 1640 sensi.
448 1581 491 1639 Ex
503 1601 560 1659 quo
575 1601 660 1640 nemo
671 1582 728 1639 iam
739 1582 793 1640 erit
804 1589 863 1640 tam
874 1582 961 1640 inius-

121 1667 169 1718 tus
185 1661 363 1719 existimator
378 1679 473 1719 rerum
489 1662 540 1739 qui
556 1661 669 1720 dubitet
687 1681 758 1739 quae
775 1661 903 1720 Caesaris
924 1662 960 1721 de

121 1740 196 1798 bello
213 1740 345 1798 voluntas
360 1741 456 1813 fuerit,
469 1760 536 1799 oum
552 1742 631 1818 paois
649 1748 779 1800 auctores
795 1761 962 1800 conservan-

122 1820 175 1878 dos
195 1820 292 1878 statim
314 1820 463 1892 censuerit,
481 1823 581 1879 ceteris
605 1821 694 1879 fuerit
713 1822 819 1880 iratior.
861 1821 961 1899 Atque

122 1899 153 1957 id
173 1899 269 1956 minus
290 1900 396 1957 mirum
417 1901 538 1958 fortasse
562 1907 634 1973 tum,
652 1920 718 1959 oum
742 1908 816 1959 esset
836 1901 961 1960 incertus

122 1979 214 2037 exitus
231 1986 260 2038 et
276 1998 379 2056 aneeps
395 1979 513 2038 fortuna
525 1979 607 2038 belli:
630 1981 679 2059 qui
693 1999 761 2039 vero
776 1982 867 2040 vietel
882 1983 961 2059 paois

122 2066 250 2117 auctores
267 2059 370 2137 diligit,
382 2059 407 2117 is
419 2061 551 2136 profecto
569 2059 693 2119 declarat
709 2081 739 2118 se
755 2061 888 2119 maluisse
901 2081 961 2120 non

122 2139 257 2198 dimicare
271 2158 358 2217 quam
371 2140 491 2198 vincere.
534 2139 586 2198 VL
625 2145 670 2198 16.
685 2140 785 2218 Atque
798 2141 884 2200 huius
901 2143 962 2219 qui-

121 2219 189 2277 dem
202 2221 243 2276 rei
257 2218 296 2277 M.
306 2218 440 2277 Marcello
454 2239 518 2276 sum
531 2219 621 2278 testis
657 2219 758 2278 Nostri
771 2221 849 2278 enim
863 2241 962 2279 sensus

122 2306 155 2356 ut
171 2299 201 2356 in
217 2317 287 2377 paee
306 2318 425 2376 semper,
437 2299 477 2356 sio
493 2306 557 2357 tum
578 2300 666 2357 etiam
681 2301 713 2358 in
729 2300 805 2359 bello
825 2321 963 2379 congrue-

122 2379 200 2438 bant
231 2379 371 2449 Quotiens
385 2398 439 2456 ego
453 2398 520 2437 eum
533 2386 563 2438 et
576 2387 684 2455 quanto
698 2399 765 2438 oum
779 2380 877 2439 dolore
892 2380 960 2453 vidi,

2 2451 3 2458 ἵ
99 2469 103 2476 “
122 2478 188 2516 eum
205 2457 386 2516 insolentiam
406 2465 550 2517 certorum
565 2459 719 2518 hominum
735 2467 799 2519 tum
815 2461 903 2519 etiam
920 2463 962 2539 ip·

122 2539 181 2595 sius
194 2538 329 2596 victoriae
342 2538 522 2598 ferocitatem
536 2540 769 2598 extimescentem
780 2542 786 2600 l
822 2542 886 2610 Quo
900 2561 963 2618 gra·

122 2618 180 2674 tior
192 2625 244 2675 tua
258 2615 419 2689 liberalitas,
429 2617 462 2676 O.
470 2618 582 2692 Caesar,
595 2619 687 2692 nobis,
700 2621 749 2698 qui
766 2620 815 2680 illa
827 2620 960 2691 vidimus,

123 2696 209 2755 debet
222 2716 290 2756 esse.
332 2696 400 2754 Non
414 2699 491 2755 enim
505 2699 563 2757 iam
578 2719 677 2758 causae
692 2708 759 2758 sunt
772 2702 850 2760 inter
861 2720 899 2772 se,
911 2701 962 2758 sed

123 2777 257 2834 victoriae
268 2777 495 2854 comparandae„
520 2779 565 2838 17.
575 2779 712 2838 Vidimus
721 2787 802 2839 tuam
812 2780 961 2839 victoriam

123 2856 297 2933 proeliorum
321 2857 400 2915 exitu
421 2859 620 2918 terminatam:
643 2860 771 2937 gladium
792 2861 896 2938 vagina
916 2880 963 2917 va-

124 2955 209 2993 cuum
225 2937 256 2993 in
273 2936 343 2995 urbe
359 2956 417 2994 non
434 2939 566 2998 vidimus
608 2939 688 3009 Quos
708 2940 856 2998 amisimus
877 2941 960 3011 cives,

3 3051 4 3098 ;
124 3033 174 3089 eos
187 3014 287 3073 Martis
300 3016 343 3073 vis
357 3016 486 3093 peroulit,
498 3037 557 3075 non
573 3019 616 3076 ira
629 3019 772 3090 victoriae,
784 3026 818 3076 ut
831 3020 962 3078 dubitare

39 3139 41 3146 .
124 3093 228 3152 debeat
243 3113 328 3152 nemo
349 3099 419 3172 quin
439 3097 554 3169 multos,
570 3098 595 3155 si
614 3097 674 3156 fieri
696 3106 801 3176 posset,
816 3098 849 3157 Ο.
859 3099 963 3157 Caesar

124 3172 161 3231 ab
174 3173 274 3231 inieris
288 3174 431 3247 excitaret,
441 3176 577 3252 quoniam
587 3196 622 3234 ex
633 3177 732 3235 eadem
744 3179 803 3236 aoie
814 3187 963 3236 conservat
