<?xml version="1.0" encoding="UTF-8"?>
<!DOCTYPE html PUBLIC "-//W3C//DTD XHTML 1.0 Transitional//EN"
    "http://www.w3.org/TR/xhtml1/DTD/xhtml1-transitional.dtd">
<html xmlns="http://www.w3.org/1999/xhtml" xml:lang="en" lang="en">
 <head>
  <title>
</title>
<meta http-equiv="Content-Type" content="text/html;charset=utf-8" />
  <meta name='ocr-system' content='tesseract 3.04.00' />
  <meta name='ocr-capabilities' content='ocr_page ocr_carea ocr_par ocr_line ocrx_word'/>
</head>
<body>
  <div class='ocr_page' id='page_1' title='image "./mtulliiciceroni99cicegoog/mtulliiciceroni99cicegoog_0209.png"; bbox 0 0 2240 3418; ppageno 0'>
   <div class='ocr_carea' id='block_1_1' title="bbox 356 107 998 171">
    <p class='ocr_par' dir='ltr' id='par_1_1' title="bbox 356 107 998 171">
     <span class='ocr_line' id='line_1_1' title="bbox 356 107 998 171; baseline 0.006 -13"><span class='ocrx_word' id='word_1_1' title='bbox 356 161 359 167; x_wconf 73' lang='grc'><strong>,</strong></span> <span class='ocrx_word' id='word_1_2' title='bbox 396 109 474 160; x_wconf 79' lang='lat' dir='ltr'>cnr.</span> <span class='ocrx_word' id='word_1_3' title='bbox 491 109 620 171; x_wconf 33' lang='lat' dir='ltr'>maxa,</span> <span class='ocrx_word' id='word_1_4' title='bbox 636 107 650 169; x_wconf 73' lang='grc'>1</span> <span class='ocrx_word' id='word_1_5' title='bbox 665 111 755 162; x_wconf 83' lang='lat' dir='ltr'>ar-aa.</span> <span class='ocrx_word' id='word_1_6' title='bbox 950 111 998 162; x_wconf 83' lang='lat' dir='ltr'>raa</span> 
     </span>
    </p>
   </div>
   <div class='ocr_carea' id='block_1_2' title="bbox 86 208 997 449">
    <p class='ocr_par' dir='ltr' id='par_1_2' title="bbox 86 208 997 449">
     <span class='ocr_line' id='line_1_2' title="bbox 156 208 997 286; baseline -0.005 -14"><span class='ocrx_word' id='word_1_7' title='bbox 156 219 264 272; x_wconf 83' lang='lat' dir='ltr'>temere</span> <span class='ocrx_word' id='word_1_8' title='bbox 284 209 362 282; x_wconf 85' lang='lat' dir='ltr'>fecit,</span> <span class='ocrx_word' id='word_1_9' title='bbox 373 208 519 286; x_wconf 87' lang='lat' dir='ltr'>poenitet:</span> <span class='ocrx_word' id='word_1_10' title='bbox 541 209 579 266; x_wconf 84' lang='lat' dir='ltr'>ad</span> <span class='ocrx_word' id='word_1_11' title='bbox 599 208 780 268; x_wconf 86' lang='lat' dir='ltr'>elementiam</span> <span class='ocrx_word' id='word_1_12' title='bbox 800 211 997 269; x_wconf 79' lang='grc'><strong>1111111111-</strong></span> 
     </span>
     <span class='ocr_line' id='line_1_3' title="bbox 86 289 997 371; baseline -0.002 -19"><span class='ocrx_word' id='word_1_13' title='bbox 86 361 90 370; x_wconf 43' lang='grc'><em>,</em></span> <span class='ocrx_word' id='word_1_14' title='bbox 156 293 214 371; x_wconf 89' lang='lat' dir='ltr'>gio,</span> <span class='ocrx_word' id='word_1_15' title='bbox 225 290 324 349; x_wconf 81' lang='lat' dir='ltr'>delicti</span> <span class='ocrx_word' id='word_1_16' title='bbox 334 289 446 347; x_wconf 86' lang='lat' dir='ltr'>veniam</span> <span class='ocrx_word' id='word_1_17' title='bbox 460 296 537 366; x_wconf 89' lang='lat' dir='ltr'>peto,</span> <span class='ocrx_word' id='word_1_18' title='bbox 549 295 583 346; x_wconf 90' lang='lat' dir='ltr'>ut</span> <span class='ocrx_word' id='word_1_19' title='bbox 592 289 757 366; x_wconf 80' lang='lat' dir='ltr'>ignoscatur</span> <span class='ocrx_word' id='word_1_20' title='bbox 770 307 829 348; x_wconf 89' lang='lat' dir='ltr'>oro.</span> <span class='ocrx_word' id='word_1_21' title='bbox 865 289 898 350; x_wconf 84' lang='lat' dir='ltr'>Si</span> <span class='ocrx_word' id='word_1_22' title='bbox 911 309 997 350; x_wconf 92' lang='lat' dir='ltr'>nemo</span> 
     </span>
     <span class='ocr_line' id='line_1_4' title="bbox 141 368 994 449; baseline -0.002 -18"><span class='ocrx_word' id='word_1_23' title='bbox 141 440 143 444; x_wconf 40' lang='grc'><strong>,</strong></span> <span class='ocrx_word' id='word_1_24' title='bbox 156 371 328 448; x_wconf 87' lang='lat' dir='ltr'>impetravit,</span> <span class='ocrx_word' id='word_1_25' title='bbox 339 369 525 446; x_wconf 79' lang='lat' dir='ltr'><strong>adroganter:</strong></span> <span class='ocrx_word' id='word_1_26' title='bbox 544 369 568 426; x_wconf 92' lang='lat' dir='ltr'>si</span> <span class='ocrx_word' id='word_1_27' title='bbox 578 368 703 446; x_wconf 86' lang='lat' dir='ltr'>plurimi,</span> <span class='ocrx_word' id='word_1_28' title='bbox 713 376 746 428; x_wconf 92' lang='lat' dir='ltr'>tu</span> <span class='ocrx_word' id='word_1_29' title='bbox 756 368 834 428; x_wconf 90' lang='lat' dir='ltr'>idem</span> <span class='ocrx_word' id='word_1_30' title='bbox 845 369 891 428; x_wconf 84' lang='lat' dir='ltr'>fer</span> <span class='ocrx_word' id='word_1_31' title='bbox 901 389 994 449; x_wconf 88' lang='lat' dir='ltr'>opem,</span> 
     </span>
    </p>
   </div>
   <div class='ocr_carea' id='block_1_3' title="bbox 157 448 1105 529">
    <p class='ocr_par' dir='ltr' id='par_1_3' title="bbox 157 448 1105 529">
     <span class='ocr_line' id='line_1_5' title="bbox 157 448 1105 529; baseline 0.002 -21"><span class='ocrx_word' id='word_1_32' title='bbox 157 451 207 529; x_wconf 90' lang='lat' dir='ltr'>qui</span> <span class='ocrx_word' id='word_1_33' title='bbox 227 470 307 527; x_wconf 91' lang='lat' dir='ltr'>spem</span> <span class='ocrx_word' id='word_1_34' title='bbox 329 448 441 508; x_wconf 84' lang='lat' dir='ltr'>dedisti.</span> <span class='ocrx_word' id='word_1_35' title='bbox 486 454 532 506; x_wconf 87' lang='grc'>31.</span> <span class='ocrx_word' id='word_1_36' title='bbox 550 448 599 506; x_wconf 90' lang='lat' dir='ltr'>An</span> <span class='ocrx_word' id='word_1_37' title='bbox 622 449 755 526; x_wconf 87' lang='lat' dir='ltr'>sperandi</span> <span class='ocrx_word' id='word_1_38' title='bbox 776 448 891 528; x_wconf 81' lang='lat' dir='ltr'>Ligario</span> <span class='ocrx_word' id='word_1_39' title='bbox 912 471 996 510; x_wconf 86' lang='lat' dir='ltr'>eausa</span> <span class='ocrx_word' id='word_1_40' title='bbox 1102 485 1105 494; x_wconf 82' lang='lat'><em>=</em></span> 
     </span>
    </p>
   </div>
   <div class='ocr_carea' id='block_1_4' title="bbox 141 527 1001 1564">
    <p class='ocr_par' dir='ltr' id='par_1_4' title="bbox 141 527 1001 1564">
     <span class='ocr_line' id='line_1_6' title="bbox 155 527 995 608; baseline 0.001 -20"><span class='ocrx_word' id='word_1_41' title='bbox 155 550 215 588; x_wconf 94' lang='lat' dir='ltr'>non</span> <span class='ocrx_word' id='word_1_42' title='bbox 232 531 277 600; x_wconf 90' lang='lat' dir='ltr'>sit,</span> <span class='ocrx_word' id='word_1_43' title='bbox 288 548 354 586; x_wconf 92' lang='lat' dir='ltr'>cum</span> <span class='ocrx_word' id='word_1_44' title='bbox 367 527 440 586; x_wconf 90' lang='lat' dir='ltr'>mihi</span> <span class='ocrx_word' id='word_1_45' title='bbox 454 527 531 606; x_wconf 91' lang='lat' dir='ltr'>apud</span> <span class='ocrx_word' id='word_1_46' title='bbox 544 535 574 586; x_wconf 92' lang='lat' dir='ltr'>te</span> <span class='ocrx_word' id='word_1_47' title='bbox 587 528 667 586; x_wconf 87' lang='lat' dir='ltr'>locus</span> <span class='ocrx_word' id='word_1_48' title='bbox 684 530 721 587; x_wconf 91' lang='lat' dir='ltr'>sit</span> <span class='ocrx_word' id='word_1_49' title='bbox 738 529 825 588; x_wconf 87' lang='lat' dir='ltr'>etiarn</span> <span class='ocrx_word' id='word_1_50' title='bbox 839 549 892 608; x_wconf 88' lang='lat' dir='ltr'>pro</span> <span class='ocrx_word' id='word_1_51' title='bbox 906 530 995 589; x_wconf 86' lang='lat' dir='ltr'>altero</span> 
     </span>
     <span class='ocr_line' id='line_1_7' title="bbox 156 608 996 688; baseline -0.001 -20"><span class='ocrx_word' id='word_1_52' title='bbox 156 608 346 687; x_wconf 84' lang='lat' dir='ltr'>deprecandil</span> <span class='ocrx_word' id='word_1_53' title='bbox 386 608 567 686; x_wconf 79' lang='lat' dir='ltr'><strong>Quamquam</strong></span> <span class='ocrx_word' id='word_1_54' title='bbox 588 609 688 666; x_wconf 87' lang='lat' dir='ltr'>necin</span> <span class='ocrx_word' id='word_1_55' title='bbox 706 609 760 668; x_wconf 89' lang='lat' dir='ltr'>hac</span> <span class='ocrx_word' id='word_1_56' title='bbox 782 611 910 669; x_wconf 87' lang='lat' dir='ltr'>oratione</span> <span class='ocrx_word' id='word_1_57' title='bbox 931 630 996 688; x_wconf 91' lang='lat' dir='ltr'>spes</span> 
     </span>
     <span class='ocr_line' id='line_1_8' title="bbox 141 688 1000 767; baseline -0.001 -20"><span class='ocrx_word' id='word_1_58' title='bbox 141 696 199 748; x_wconf 84' lang='grc'><strong>·111</strong></span> <span class='ocrx_word' id='word_1_59' title='bbox 215 689 310 765; x_wconf 88' lang='lat' dir='ltr'>posita</span> <span class='ocrx_word' id='word_1_60' title='bbox 326 707 425 745; x_wconf 88' lang='lat' dir='ltr'>causae</span> <span class='ocrx_word' id='word_1_61' title='bbox 442 707 494 746; x_wconf 90' lang='grc'><strong>1111</strong></span> <span class='ocrx_word' id='word_1_62' title='bbox 510 688 541 745; x_wconf 93' lang='lat' dir='ltr'>in</span> <span class='ocrx_word' id='word_1_63' title='bbox 557 708 657 747; x_wconf 88' lang='lat' dir='ltr'>eorum</span> <span class='ocrx_word' id='word_1_64' title='bbox 675 690 785 762; x_wconf 91' lang='lat' dir='ltr'>studiis,</span> <span class='ocrx_word' id='word_1_65' title='bbox 797 690 847 767; x_wconf 91' lang='lat' dir='ltr'>qui</span> <span class='ocrx_word' id='word_1_66' title='bbox 863 709 881 747; x_wconf 92' lang='lat' dir='ltr'>a</span> <span class='ocrx_word' id='word_1_67' title='bbox 896 696 925 748; x_wconf 91' lang='grc'>11</span> <span class='ocrx_word' id='word_1_68' title='bbox 941 708 1000 766; x_wconf 91' lang='lat' dir='ltr'>pro·</span> 
     </span>
     <span class='ocr_line' id='line_1_9' title="bbox 155 765 995 846; baseline 0 -20"><span class='ocrx_word' id='word_1_69' title='bbox 155 768 269 845; x_wconf 82' lang='lat' dir='ltr'>Ligario</span> <span class='ocrx_word' id='word_1_70' title='bbox 281 765 446 845; x_wconf 86' lang='lat' dir='ltr'>petunt,&#39;tui</span> <span class='ocrx_word' id='word_1_71' title='bbox 456 769 613 828; x_wconf 86' lang='lat' dir='ltr'>necessarii.</span> <span class='ocrx_word' id='word_1_72' title='bbox 649 769 703 828; x_wconf 85' lang='lat' dir='ltr'>XL</span> <span class='ocrx_word' id='word_1_73' title='bbox 713 769 785 827; x_wconf 90' lang='lat' dir='ltr'>Vidi</span> <span class='ocrx_word' id='word_1_74' title='bbox 799 769 877 827; x_wconf 90' lang='grc'><strong>1111111</strong></span> <span class='ocrx_word' id='word_1_75' title='bbox 891 777 920 827; x_wconf 88' lang='grc'>11</span> <span class='ocrx_word' id='word_1_76' title='bbox 930 789 995 846; x_wconf 92' lang='lat' dir='ltr'>eog-</span> 
     </span>
     <span class='ocr_line' id='line_1_10' title="bbox 155 847 994 926; baseline 0.001 -20"><span class='ocrx_word' id='word_1_77' title='bbox 155 848 223 906; x_wconf 90' lang='lat' dir='ltr'>novi</span> <span class='ocrx_word' id='word_1_78' title='bbox 238 847 309 924; x_wconf 92' lang='lat' dir='ltr'>quid</span> <span class='ocrx_word' id='word_1_79' title='bbox 320 847 446 905; x_wconf 84' lang='lat' dir='ltr'>maximo</span> <span class='ocrx_word' id='word_1_80' title='bbox 463 855 613 925; x_wconf 80' lang='lat' dir='ltr'>spectares,</span> <span class='ocrx_word' id='word_1_81' title='bbox 625 868 691 907; x_wconf 88' lang='lat' dir='ltr'>oum</span> <span class='ocrx_word' id='word_1_82' title='bbox 705 868 758 926; x_wconf 91' lang='lat' dir='ltr'>pro</span> <span class='ocrx_word' id='word_1_83' title='bbox 772 849 891 907; x_wconf 88' lang='lat' dir='ltr'>alieuius</span> <span class='ocrx_word' id='word_1_84' title='bbox 905 848 994 907; x_wconf 89' lang='lat' dir='ltr'>saluta</span> 
     </span>
     <span class='ocr_line' id='line_1_11' title="bbox 155 926 997 1007; baseline 0.002 -23"><span class='ocrx_word' id='word_1_85' title='bbox 155 927 240 985; x_wconf 85' lang='lat' dir='ltr'>multi</span> <span class='ocrx_word' id='word_1_86' title='bbox 256 926 433 986; x_wconf 85' lang='lat' dir='ltr'>laborarent:</span> <span class='ocrx_word' id='word_1_87' title='bbox 455 947 553 986; x_wconf 86' lang='lat' dir='ltr'>causas</span> <span class='ocrx_word' id='word_1_88' title='bbox 572 929 650 1006; x_wconf 90' lang='lat' dir='ltr'>apud</span> <span class='ocrx_word' id='word_1_89' title='bbox 665 936 695 987; x_wconf 92' lang='lat' dir='ltr'>te</span> <span class='ocrx_word' id='word_1_90' title='bbox 711 929 875 1007; x_wconf 88' lang='lat' dir='ltr'>rogantium</span> <span class='ocrx_word' id='word_1_91' title='bbox 891 929 997 1006; x_wconf 89' lang='lat' dir='ltr'>gratio-</span> 
     </span>
     <span class='ocr_line' id='line_1_12' title="bbox 156 1007 996 1086; baseline 0.002 -22"><span class='ocrx_word' id='word_1_92' title='bbox 156 1007 243 1065; x_wconf 90' lang='lat' dir='ltr'>siores</span> <span class='ocrx_word' id='word_1_93' title='bbox 256 1027 316 1065; x_wconf 89' lang='lat' dir='ltr'>esse</span> <span class='ocrx_word' id='word_1_94' title='bbox 331 1027 417 1084; x_wconf 89' lang='lat' dir='ltr'>quam</span> <span class='ocrx_word' id='word_1_95' title='bbox 428 1008 532 1080; x_wconf 89' lang='lat' dir='ltr'>vultus,</span> <span class='ocrx_word' id='word_1_96' title='bbox 544 1028 637 1086; x_wconf 89' lang='lat' dir='ltr'>neque</span> <span class='ocrx_word' id='word_1_97' title='bbox 648 1016 677 1067; x_wconf 93' lang='lat' dir='ltr'>te</span> <span class='ocrx_word' id='word_1_98' title='bbox 691 1016 817 1086; x_wconf 73' lang='lat' dir='ltr'>spectare</span> <span class='ocrx_word' id='word_1_99' title='bbox 832 1029 917 1086; x_wconf 87' lang='lat' dir='ltr'>quam</span> <span class='ocrx_word' id='word_1_100' title='bbox 928 1016 996 1067; x_wconf 93' lang='lat' dir='ltr'>tuus</span> 
     </span>
     <span class='ocr_line' id='line_1_13' title="bbox 156 1088 995 1166; baseline 0.001 -21"><span class='ocrx_word' id='word_1_101' title='bbox 156 1094 229 1145; x_wconf 82' lang='lat' dir='ltr'>esset</span> <span class='ocrx_word' id='word_1_102' title='bbox 239 1088 413 1146; x_wconf 87' lang='lat' dir='ltr'>necessarius</span> <span class='ocrx_word' id='word_1_103' title='bbox 426 1089 459 1160; x_wconf 92' lang='lat' dir='ltr'>is,</span> <span class='ocrx_word' id='word_1_104' title='bbox 471 1089 560 1166; x_wconf 90' lang='lat' dir='ltr'>quite</span> <span class='ocrx_word' id='word_1_105' title='bbox 574 1096 675 1160; x_wconf 86' lang='lat' dir='ltr'>oraret,</span> <span class='ocrx_word' id='word_1_106' title='bbox 687 1088 738 1146; x_wconf 88' lang='lat' dir='ltr'>sed</span> <span class='ocrx_word' id='word_1_107' title='bbox 749 1108 834 1165; x_wconf 91' lang='lat' dir='ltr'>quam</span> <span class='ocrx_word' id='word_1_108' title='bbox 848 1089 932 1160; x_wconf 83' lang='lat' dir='ltr'>illius,</span> <span class='ocrx_word' id='word_1_109' title='bbox 942 1108 995 1166; x_wconf 89' lang='lat' dir='ltr'>pro</span> 
     </span>
     <span class='ocr_line' id='line_1_14' title="bbox 156 1167 1001 1246; baseline 0 -21"><span class='ocrx_word' id='word_1_110' title='bbox 156 1187 213 1245; x_wconf 91' lang='lat' dir='ltr'>quo</span> <span class='ocrx_word' id='word_1_111' title='bbox 234 1167 382 1226; x_wconf 87' lang='lat' dir='ltr'>laboraret.</span> <span class='ocrx_word' id='word_1_112' title='bbox 425 1167 526 1245; x_wconf 85' lang='lat' dir='ltr'>Itaque</span> <span class='ocrx_word' id='word_1_113' title='bbox 549 1167 652 1226; x_wconf 87' lang='lat' dir='ltr'>tribuis</span> <span class='ocrx_word' id='word_1_114' title='bbox 676 1175 709 1226; x_wconf 86' lang='grc'>111</span> <span class='ocrx_word' id='word_1_115' title='bbox 734 1168 849 1246; x_wconf 90' lang='lat' dir='ltr'>quidem</span> <span class='ocrx_word' id='word_1_116' title='bbox 873 1169 932 1226; x_wconf 85' lang='lat' dir='ltr'>tuis</span> <span class='ocrx_word' id='word_1_117' title='bbox 955 1169 1001 1226; x_wconf 87' lang='lat' dir='ltr'>ita·</span> 
     </span>
     <span class='ocr_line' id='line_1_15' title="bbox 145 1247 996 1325; baseline 0.002 -23"><span class='ocrx_word' id='word_1_118' title='bbox 145 1247 253 1319; x_wconf 87' lang='lat' dir='ltr'>multa,</span> <span class='ocrx_word' id='word_1_119' title='bbox 266 1254 299 1305; x_wconf 90' lang='lat' dir='ltr'>ut</span> <span class='ocrx_word' id='word_1_120' title='bbox 311 1247 385 1305; x_wconf 92' lang='lat' dir='ltr'>mihi</span> <span class='ocrx_word' id='word_1_121' title='bbox 401 1247 543 1306; x_wconf 87' lang='lat' dir='ltr'>beatiores</span> <span class='ocrx_word' id='word_1_122' title='bbox 558 1248 600 1305; x_wconf 93' lang='lat' dir='ltr'>illi</span> <span class='ocrx_word' id='word_1_123' title='bbox 614 1248 764 1305; x_wconf 90' lang='lat' dir='ltr'>videantur</span> <span class='ocrx_word' id='word_1_124' title='bbox 779 1247 933 1319; x_wconf 90' lang='lat' dir='ltr'>interdum,</span> <span class='ocrx_word' id='word_1_125' title='bbox 946 1248 996 1325; x_wconf 92' lang='lat' dir='ltr'>qui</span> 
     </span>
     <span class='ocr_line' id='line_1_16' title="bbox 155 1326 996 1405; baseline -0.001 -20"><span class='ocrx_word' id='word_1_126' title='bbox 155 1334 206 1385; x_wconf 87' lang='lat' dir='ltr'>tua</span> <span class='ocrx_word' id='word_1_127' title='bbox 221 1327 390 1386; x_wconf 85' lang='lat' dir='ltr'>liberalitate</span> <span class='ocrx_word' id='word_1_128' title='bbox 407 1328 550 1399; x_wconf 86' lang='lat' dir='ltr'>fruuntur,</span> <span class='ocrx_word' id='word_1_129' title='bbox 563 1346 649 1405; x_wconf 87' lang='lat' dir='ltr'>quam</span> <span class='ocrx_word' id='word_1_130' title='bbox 665 1334 698 1384; x_wconf 90' lang='lat' dir='ltr'>tu</span> <span class='ocrx_word' id='word_1_131' title='bbox 715 1328 784 1405; x_wconf 90' lang='lat' dir='ltr'>ipse,</span> <span class='ocrx_word' id='word_1_132' title='bbox 797 1327 846 1404; x_wconf 94' lang='lat' dir='ltr'>qui</span> <span class='ocrx_word' id='word_1_133' title='bbox 862 1326 996 1385; x_wconf 90' lang='lat' dir='ltr'>illistam</span> 
     </span>
     <span class='ocr_line' id='line_1_17' title="bbox 155 1407 996 1484; baseline -0.001 -19"><span class='ocrx_word' id='word_1_134' title='bbox 155 1407 247 1465; x_wconf 90' lang='lat' dir='ltr'>multa</span> <span class='ocrx_word' id='word_1_135' title='bbox 263 1407 414 1479; x_wconf 84' lang='lat' dir='ltr'>concedas,</span> <span class='ocrx_word' id='word_1_136' title='bbox 423 1407 473 1465; x_wconf 86' lang='lat' dir='ltr'>sed</span> <span class='ocrx_word' id='word_1_137' title='bbox 489 1407 573 1465; x_wconf 91' lang='lat' dir='ltr'>video</span> <span class='ocrx_word' id='word_1_138' title='bbox 590 1414 686 1465; x_wconf 85' lang='lat' dir='ltr'>tamen</span> <span class='ocrx_word' id='word_1_139' title='bbox 706 1408 783 1484; x_wconf 85' lang='lat' dir='ltr'>apud</span> <span class='ocrx_word' id='word_1_140' title='bbox 799 1414 828 1465; x_wconf 88' lang='lat' dir='ltr'>te</span> <span class='ocrx_word' id='word_1_141' title='bbox 845 1426 951 1478; x_wconf 88' lang='lat' dir='ltr'>causas,</span> <span class='ocrx_word' id='word_1_142' title='bbox 963 1414 996 1464; x_wconf 90' lang='grc'>111</span> 
     </span>
     <span class='ocr_line' id='line_1_18' title="bbox 155 1486 997 1564; baseline -0.002 -19"><span class='ocrx_word' id='word_1_143' title='bbox 155 1487 225 1559; x_wconf 86' lang='lat' dir='ltr'>dixi,</span> <span class='ocrx_word' id='word_1_144' title='bbox 240 1487 332 1546; x_wconf 87' lang='lat' dir='ltr'>valere</span> <span class='ocrx_word' id='word_1_145' title='bbox 354 1487 419 1564; x_wconf 91' lang='lat' dir='ltr'>plus</span> <span class='ocrx_word' id='word_1_146' title='bbox 441 1507 526 1564; x_wconf 89' lang='lat' dir='ltr'>quam</span> <span class='ocrx_word' id='word_1_147' title='bbox 548 1506 654 1564; x_wconf 89' lang='lat' dir='ltr'>preces,</span> <span class='ocrx_word' id='word_1_148' title='bbox 669 1487 705 1544; x_wconf 88' lang='lat' dir='ltr'>ab</span> <span class='ocrx_word' id='word_1_149' title='bbox 726 1487 817 1564; x_wconf 89' lang='lat' dir='ltr'>iisque</span> <span class='ocrx_word' id='word_1_150' title='bbox 837 1493 867 1544; x_wconf 95' lang='lat' dir='ltr'>te</span> <span class='ocrx_word' id='word_1_151' title='bbox 887 1486 997 1544; x_wconf 90' lang='lat' dir='ltr'>moveri</span> 
     </span>
    </p>
   </div>
   <div class='ocr_carea' id='block_1_5' title="bbox 155 1565 1089 1645">
    <p class='ocr_par' dir='ltr' id='par_1_5' title="bbox 155 1565 1089 1645">
     <span class='ocr_line' id='line_1_19' title="bbox 155 1565 1089 1645; baseline -0.001 -20"><span class='ocrx_word' id='word_1_152' title='bbox 155 1568 288 1640; x_wconf 82' lang='lat' dir='ltr'>maxime,</span> <span class='ocrx_word' id='word_1_153' title='bbox 301 1587 422 1645; x_wconf 91' lang='lat' dir='ltr'>quorum</span> <span class='ocrx_word' id='word_1_154' title='bbox 439 1565 628 1626; x_wconf 87' lang='lat' dir='ltr'>iustissimum</span> <span class='ocrx_word' id='word_1_155' title='bbox 643 1567 740 1624; x_wconf 87' lang='lat' dir='ltr'>videas</span> <span class='ocrx_word' id='word_1_156' title='bbox 756 1567 884 1624; x_wconf 89' lang='lat' dir='ltr'>dolorem</span> <span class='ocrx_word' id='word_1_157' title='bbox 902 1567 933 1624; x_wconf 93' lang='lat' dir='ltr'>in</span> <span class='ocrx_word' id='word_1_158' title='bbox 950 1586 997 1644; x_wconf 92' lang='lat' dir='ltr'>pe-</span> <span class='ocrx_word' id='word_1_159' title='bbox 1082 1595 1089 1606; x_wconf 90' lang='lat'><strong>·</strong></span> 
     </span>
    </p>
   </div>
   <div class='ocr_carea' id='block_1_6' title="bbox 144 1647 1005 3243">
    <p class='ocr_par' dir='ltr' id='par_1_6' title="bbox 144 1647 1005 3243">
     <span class='ocr_line' id='line_1_20' title="bbox 155 1647 551 1706; baseline -0.01 0"><span class='ocrx_word' id='word_1_160' title='bbox 155 1647 252 1706; x_wconf 87' lang='lat' dir='ltr'>tendo.</span> <span class='ocrx_word' id='word_1_161' title='bbox 547 1687 551 1696; x_wconf 82' lang='lat'>.</span> 
     </span>
     <span class='ocr_line' id='line_1_21' title="bbox 196 1725 996 1804; baseline -0.001 -21"><span class='ocrx_word' id='word_1_162' title='bbox 196 1733 243 1784; x_wconf 80' lang='lat'>32.</span> <span class='ocrx_word' id='word_1_163' title='bbox 262 1727 296 1784; x_wconf 94' lang='lat' dir='ltr'>In</span> <span class='ocrx_word' id='word_1_164' title='bbox 318 1725 351 1796; x_wconf 81' lang='lat' dir='ltr'>Q.</span> <span class='ocrx_word' id='word_1_165' title='bbox 364 1726 479 1804; x_wconf 89' lang='lat' dir='ltr'>Ligario</span> <span class='ocrx_word' id='word_1_166' title='bbox 500 1726 694 1784; x_wconf 83' lang='lat' dir='ltr'>conservando</span> <span class='ocrx_word' id='word_1_167' title='bbox 714 1726 814 1785; x_wconf 88' lang='lat' dir='ltr'>multis</span> <span class='ocrx_word' id='word_1_168' title='bbox 829 1732 862 1784; x_wconf 90' lang='lat' dir='ltr'>tu</span> <span class='ocrx_word' id='word_1_169' title='bbox 880 1725 996 1804; x_wconf 90' lang='lat' dir='ltr'>quidem</span> 
     </span>
     <span class='ocr_line' id='line_1_22' title="bbox 155 1806 997 1885; baseline -0.004 -20"><span class='ocrx_word' id='word_1_170' title='bbox 155 1814 269 1885; x_wconf 88' lang='lat' dir='ltr'>gratum</span> <span class='ocrx_word' id='word_1_171' title='bbox 286 1807 375 1865; x_wconf 84' lang='lat' dir='ltr'>facies</span> <span class='ocrx_word' id='word_1_172' title='bbox 396 1806 560 1864; x_wconf 84' lang='lat' dir='ltr'>necessariis</span> <span class='ocrx_word' id='word_1_173' title='bbox 580 1807 646 1877; x_wconf 88' lang='lat' dir='ltr'>tuis,</span> <span class='ocrx_word' id='word_1_174' title='bbox 659 1808 710 1864; x_wconf 88' lang='lat' dir='ltr'>sed</span> <span class='ocrx_word' id='word_1_175' title='bbox 728 1807 792 1878; x_wconf 92' lang='lat' dir='ltr'>hoc,</span> <span class='ocrx_word' id='word_1_176' title='bbox 805 1825 918 1884; x_wconf 87' lang='lat' dir='ltr'>quaeso,</span> <span class='ocrx_word' id='word_1_177' title='bbox 931 1825 997 1863; x_wconf 90' lang='lat' dir='ltr'>con·</span> 
     </span>
     <span class='ocr_line' id='line_1_23' title="bbox 156 1885 998 1964; baseline -0.004 -19"><span class='ocrx_word' id='word_1_178' title='bbox 156 1888 256 1959; x_wconf 88' lang='lat' dir='ltr'>sidera,</span> <span class='ocrx_word' id='word_1_179' title='bbox 269 1887 348 1964; x_wconf 93' lang='lat' dir='ltr'>quod</span> <span class='ocrx_word' id='word_1_180' title='bbox 367 1886 447 1945; x_wconf 87' lang='lat' dir='ltr'>soles</span> <span class='ocrx_word' id='word_1_181' title='bbox 489 1886 613 1944; x_wconf 89' lang='lat' dir='ltr'>Possum</span> <span class='ocrx_word' id='word_1_182' title='bbox 632 1886 806 1944; x_wconf 87' lang='lat' dir='ltr'>fortissimos</span> <span class='ocrx_word' id='word_1_183' title='bbox 822 1886 905 1958; x_wconf 89' lang='lat' dir='ltr'>viros,</span> <span class='ocrx_word' id='word_1_184' title='bbox 918 1885 998 1943; x_wconf 83' lang='lat' dir='ltr'>Sabi·</span> 
     </span>
     <span class='ocr_line' id='line_1_24' title="bbox 155 1965 995 2044; baseline -0.004 -19"><span class='ocrx_word' id='word_1_185' title='bbox 155 1987 217 2040; x_wconf 84' lang='lat' dir='ltr'>nos,</span> <span class='ocrx_word' id='word_1_186' title='bbox 233 1967 286 2025; x_wconf 90' lang='lat' dir='ltr'>tibi</span> <span class='ocrx_word' id='word_1_187' title='bbox 309 1966 535 2044; x_wconf 89' lang='lat' dir='ltr'>probatissimos,</span> <span class='ocrx_word' id='word_1_188' title='bbox 549 1973 702 2042; x_wconf 89' lang='lat' dir='ltr'>totumque</span> <span class='ocrx_word' id='word_1_189' title='bbox 726 1985 827 2042; x_wconf 89' lang='lat' dir='ltr'>agrum</span> <span class='ocrx_word' id='word_1_190' title='bbox 848 1965 995 2037; x_wconf 81' lang='lat' dir='ltr'>Sabinum,</span> 
     </span>
     <span class='ocr_line' id='line_1_25' title="bbox 155 2044 998 2123; baseline -0.004 -18"><span class='ocrx_word' id='word_1_191' title='bbox 155 2047 256 2105; x_wconf 90' lang='lat' dir='ltr'>florem</span> <span class='ocrx_word' id='word_1_192' title='bbox 271 2046 370 2105; x_wconf 88' lang='lat' dir='ltr'>Italiae</span> <span class='ocrx_word' id='word_1_193' title='bbox 386 2067 419 2104; x_wconf 91' lang='lat' dir='ltr'>ac</span> <span class='ocrx_word' id='word_1_194' title='bbox 432 2046 520 2104; x_wconf 91' lang='lat' dir='ltr'>robur</span> <span class='ocrx_word' id='word_1_195' title='bbox 532 2047 573 2104; x_wconf 92' lang='lat' dir='ltr'>rei</span> <span class='ocrx_word' id='word_1_196' title='bbox 586 2045 726 2123; x_wconf 89' lang='lat' dir='ltr'>publicae,</span> <span class='ocrx_word' id='word_1_197' title='bbox 735 2064 902 2122; x_wconf 89' lang='lat' dir='ltr'>proponere.</span> <span class='ocrx_word' id='word_1_198' title='bbox 938 2044 968 2102; x_wconf 94' lang='lat' dir='ltr'>N</span> <span class='ocrx_word' id='word_1_199' title='bbox 969 2065 998 2102; x_wconf 95' lang='lat' dir='ltr'>o-</span> 
     </span>
     <span class='ocr_line' id='line_1_26' title="bbox 156 2124 997 2204; baseline -0.004 -19"><span class='ocrx_word' id='word_1_200' title='bbox 156 2128 194 2186; x_wconf 90' lang='lat' dir='ltr'>sti</span> <span class='ocrx_word' id='word_1_201' title='bbox 210 2128 337 2204; x_wconf 91' lang='lat' dir='ltr'>optimos</span> <span class='ocrx_word' id='word_1_202' title='bbox 351 2127 490 2184; x_wconf 86' lang='lat' dir='ltr'>homines</span> <span class='ocrx_word' id='word_1_203' title='bbox 525 2125 732 2183; x_wconf 85' lang='lat' dir='ltr'>Animadverte</span> <span class='ocrx_word' id='word_1_204' title='bbox 746 2125 849 2182; x_wconf 90' lang='lat' dir='ltr'>horum</span> <span class='ocrx_word' id='word_1_205' title='bbox 866 2124 997 2182; x_wconf 90' lang='lat' dir='ltr'>omnium</span> 
     </span>
     <span class='ocr_line' id='line_1_27' title="bbox 155 2202 997 2280; baseline -0.007 -15"><span class='ocrx_word' id='word_1_206' title='bbox 155 2208 329 2265; x_wconf 87' lang='lat' dir='ltr'>maestitiam</span> <span class='ocrx_word' id='word_1_207' title='bbox 354 2214 383 2265; x_wconf 90' lang='grc'>11</span> <span class='ocrx_word' id='word_1_208' title='bbox 402 2206 551 2264; x_wconf 91' lang='lat' dir='ltr'>dolorem:</span> <span class='ocrx_word' id='word_1_209' title='bbox 575 2205 661 2263; x_wconf 90' lang='lat' dir='ltr'>huius</span> <span class='ocrx_word' id='word_1_210' title='bbox 682 2204 714 2262; x_wconf 89' lang='lat' dir='ltr'>T.</span> <span class='ocrx_word' id='word_1_211' title='bbox 727 2202 860 2273; x_wconf 85' lang='lat' dir='ltr'>Brocchi,</span> <span class='ocrx_word' id='word_1_212' title='bbox 878 2203 914 2260; x_wconf 95' lang='lat' dir='ltr'>de</span> <span class='ocrx_word' id='word_1_213' title='bbox 939 2223 997 2280; x_wconf 90' lang='lat' dir='ltr'>quo</span> 
     </span>
     <span class='ocr_line' id='line_1_28' title="bbox 155 2282 1002 2364; baseline -0.006 -20"><span class='ocrx_word' id='word_1_214' title='bbox 155 2306 215 2345; x_wconf 91' lang='lat' dir='ltr'>non</span> <span class='ocrx_word' id='word_1_215' title='bbox 237 2286 339 2344; x_wconf 90' lang='lat' dir='ltr'>dubito</span> <span class='ocrx_word' id='word_1_216' title='bbox 362 2285 434 2364; x_wconf 91' lang='lat' dir='ltr'>quid</span> <span class='ocrx_word' id='word_1_217' title='bbox 458 2285 610 2356; x_wconf 78' lang='lat' dir='ltr'>aristimes,</span> <span class='ocrx_word' id='word_1_218' title='bbox 625 2284 755 2342; x_wconf 87' lang='lat' dir='ltr'>lacrimas</span> <span class='ocrx_word' id='word_1_219' title='bbox 780 2282 1002 2360; x_wconf 87' lang='lat' dir='ltr'>squaloremque</span> 
     </span>
     <span class='ocr_line' id='line_1_29' title="bbox 155 2362 997 2445; baseline -0.006 -20"><span class='ocrx_word' id='word_1_220' title='bbox 155 2367 246 2445; x_wconf 90' lang='lat' dir='ltr'>ipsius</span> <span class='ocrx_word' id='word_1_221' title='bbox 266 2373 296 2424; x_wconf 90' lang='lat' dir='ltr'>et</span> <span class='ocrx_word' id='word_1_222' title='bbox 314 2366 366 2424; x_wconf 90' lang='lat' dir='ltr'>filii</span> <span class='ocrx_word' id='word_1_223' title='bbox 382 2366 470 2425; x_wconf 85' lang='lat' dir='ltr'>vides.</span> <span class='ocrx_word' id='word_1_224' title='bbox 513 2371 558 2422; x_wconf 88' lang='grc'>33.</span> <span class='ocrx_word' id='word_1_225' title='bbox 575 2364 654 2435; x_wconf 78' lang='lat' dir='ltr'>Quid</span> <span class='ocrx_word' id='word_1_226' title='bbox 672 2364 707 2421; x_wconf 92' lang='lat' dir='ltr'>de</span> <span class='ocrx_word' id='word_1_227' title='bbox 725 2362 869 2427; x_wconf 51' lang='lat' dir='ltr'>fratribus,</span> <span class='ocrx_word' id='word_1_228' title='bbox 884 2362 997 2420; x_wconf 80' lang='lat' dir='ltr'>dicaml</span> 
     </span>
     <span class='ocr_line' id='line_1_30' title="bbox 156 2441 998 2523; baseline -0.005 -19"><span class='ocrx_word' id='word_1_229' title='bbox 156 2447 233 2518; x_wconf 86' lang='lat' dir='ltr'>Noli,</span> <span class='ocrx_word' id='word_1_230' title='bbox 245 2446 357 2517; x_wconf 82' lang='lat' dir='ltr'>Caesar,</span> <span class='ocrx_word' id='word_1_231' title='bbox 369 2453 470 2523; x_wconf 84' lang='lat' dir='ltr'>putare</span> <span class='ocrx_word' id='word_1_232' title='bbox 483 2445 520 2503; x_wconf 87' lang='lat' dir='ltr'>do</span> <span class='ocrx_word' id='word_1_233' title='bbox 533 2444 619 2502; x_wconf 89' lang='lat' dir='ltr'>unius</span> <span class='ocrx_word' id='word_1_234' title='bbox 633 2444 726 2520; x_wconf 88' lang='lat' dir='ltr'>capite</span> <span class='ocrx_word' id='word_1_235' title='bbox 739 2461 793 2500; x_wconf 89' lang='lat' dir='ltr'>nos</span> <span class='ocrx_word' id='word_1_236' title='bbox 806 2461 899 2519; x_wconf 88' lang='lat' dir='ltr'>agere.</span> <span class='ocrx_word' id='word_1_237' title='bbox 935 2441 998 2500; x_wconf 84' lang='lat' dir='ltr'>Aut</span> 
     </span>
     <span class='ocr_line' id='line_1_31' title="bbox 155 2524 998 2603; baseline -0.007 -19"><span class='ocrx_word' id='word_1_238' title='bbox 155 2534 213 2584; x_wconf 91' lang='lat' dir='ltr'>tres</span> <span class='ocrx_word' id='word_1_239' title='bbox 227 2527 281 2585; x_wconf 89' lang='lat' dir='ltr'>tibi</span> <span class='ocrx_word' id='word_1_240' title='bbox 295 2525 402 2603; x_wconf 87' lang='lat' dir='ltr'>Ligarii</span> <span class='ocrx_word' id='word_1_241' title='bbox 416 2525 558 2583; x_wconf 91' lang='lat' dir='ltr'>retinendi</span> <span class='ocrx_word' id='word_1_242' title='bbox 572 2525 603 2581; x_wconf 94' lang='lat' dir='ltr'>in</span> <span class='ocrx_word' id='word_1_243' title='bbox 617 2524 732 2582; x_wconf 86' lang='lat' dir='ltr'>civitate</span> <span class='ocrx_word' id='word_1_244' title='bbox 747 2529 814 2581; x_wconf 85' lang='lat' dir='ltr'>sunt</span> <span class='ocrx_word' id='word_1_245' title='bbox 827 2529 877 2580; x_wconf 86' lang='lat' dir='ltr'>aut</span> <span class='ocrx_word' id='word_1_246' title='bbox 890 2528 948 2579; x_wconf 87' lang='lat' dir='ltr'>tres</span> <span class='ocrx_word' id='word_1_247' title='bbox 962 2541 998 2580; x_wconf 86' lang='lat' dir='ltr'>ex</span> 
     </span>
     <span class='ocr_line' id='line_1_32' title="bbox 144 2602 1002 2681; baseline 0 -22"><span class='ocrx_word' id='word_1_248' title='bbox 144 2606 270 2663; x_wconf 71' lang='lat' dir='ltr'>vcivitate</span> <span class='ocrx_word' id='word_1_249' title='bbox 285 2605 501 2664; x_wconf 87' lang='lat' dir='ltr'>exterminandi.</span> <span class='ocrx_word' id='word_1_250' title='bbox 534 2603 609 2662; x_wconf 90' lang='lat' dir='ltr'>Nam</span> <span class='ocrx_word' id='word_1_251' title='bbox 622 2603 742 2681; x_wconf 90' lang='lat' dir='ltr'>quodvis</span> <span class='ocrx_word' id='word_1_252' title='bbox 757 2602 888 2660; x_wconf 86' lang='lat' dir='ltr'>exsilium</span> <span class='ocrx_word' id='word_1_253' title='bbox 899 2602 944 2660; x_wconf 93' lang='lat' dir='ltr'>his</span> <span class='ocrx_word' id='word_1_254' title='bbox 955 2608 1002 2660; x_wconf 88' lang='lat' dir='ltr'>est·</span> 
     </span>
     <span class='ocr_line' id='line_1_33' title="bbox 156 2682 996 2763; baseline -0.004 -21"><span class='ocrx_word' id='word_1_255' title='bbox 156 2686 283 2762; x_wconf 88' lang='lat' dir='ltr'>optatius</span> <span class='ocrx_word' id='word_1_256' title='bbox 298 2705 383 2763; x_wconf 89' lang='lat' dir='ltr'>quam</span> <span class='ocrx_word' id='word_1_257' title='bbox 398 2685 498 2762; x_wconf 88' lang='lat' dir='ltr'>patria,</span> <span class='ocrx_word' id='word_1_258' title='bbox 509 2703 595 2762; x_wconf 89' lang='lat' dir='ltr'>quam</span> <span class='ocrx_word' id='word_1_259' title='bbox 606 2685 718 2754; x_wconf 89' lang='lat' dir='ltr'>domus,</span> <span class='ocrx_word' id='word_1_260' title='bbox 729 2702 815 2761; x_wconf 91' lang='lat' dir='ltr'>quam</span> <span class='ocrx_word' id='word_1_261' title='bbox 829 2682 860 2740; x_wconf 95' lang='lat' dir='ltr'>di</span> <span class='ocrx_word' id='word_1_262' title='bbox 870 2689 996 2760; x_wconf 88' lang='lat' dir='ltr'>penates,</span> 
     </span>
     <span class='ocr_line' id='line_1_34' title="bbox 155 2761 1005 2840; baseline -0.006 -17"><span class='ocrx_word' id='word_1_263' title='bbox 155 2783 214 2823; x_wconf 89' lang='lat' dir='ltr'>uno</span> <span class='ocrx_word' id='word_1_264' title='bbox 229 2764 279 2822; x_wconf 93' lang='lat' dir='ltr'>illo</span> <span class='ocrx_word' id='word_1_265' title='bbox 290 2765 444 2823; x_wconf 85' lang='lat' dir='ltr'>exsulante.</span> <span class='ocrx_word' id='word_1_266' title='bbox 483 2763 515 2822; x_wconf 84' lang='lat' dir='ltr'>Si</span> <span class='ocrx_word' id='word_1_267' title='bbox 528 2765 661 2835; x_wconf 78' lang='grc'><strong>1111111111,</strong></span> <span class='ocrx_word' id='word_1_268' title='bbox 674 2764 698 2820; x_wconf 91' lang='lat' dir='ltr'>si</span> <span class='ocrx_word' id='word_1_269' title='bbox 712 2763 768 2840; x_wconf 86' lang='lat' dir='ltr'>pio,</span> <span class='ocrx_word' id='word_1_270' title='bbox 781 2763 805 2820; x_wconf 90' lang='lat' dir='ltr'>si</span> <span class='ocrx_word' id='word_1_271' title='bbox 818 2781 884 2820; x_wconf 90' lang='lat' dir='ltr'>cum</span> <span class='ocrx_word' id='word_1_272' title='bbox 899 2761 1005 2819; x_wconf 86' lang='lat' dir='ltr'>dolore</span> 
     </span>
     <span class='ocr_line' id='line_1_35' title="bbox 155 2841 996 2917; baseline -0.005 -16"><span class='ocrx_word' id='word_1_273' title='bbox 155 2844 275 2916; x_wconf 84' lang='lat' dir='ltr'>faciunt,</span> <span class='ocrx_word' id='word_1_274' title='bbox 287 2851 421 2902; x_wconf 90' lang='lat' dir='ltr'>moveant</span> <span class='ocrx_word' id='word_1_275' title='bbox 439 2850 469 2902; x_wconf 87' lang='grc'>11</span> <span class='ocrx_word' id='word_1_276' title='bbox 489 2844 593 2901; x_wconf 92' lang='lat' dir='ltr'>horum</span> <span class='ocrx_word' id='word_1_277' title='bbox 613 2843 753 2913; x_wconf 87' lang='lat' dir='ltr'>lacrimae,</span> <span class='ocrx_word' id='word_1_278' title='bbox 766 2849 880 2900; x_wconf 86' lang='lat' dir='ltr'>moveat</span> <span class='ocrx_word' id='word_1_279' title='bbox 896 2841 996 2917; x_wconf 82' lang='lat' dir='ltr'>pietas,</span> 
     </span>
     <span class='ocr_line' id='line_1_36' title="bbox 156 2921 995 3001; baseline -0.004 -21"><span class='ocrx_word' id='word_1_280' title='bbox 156 2931 271 2982; x_wconf 87' lang='lat' dir='ltr'>moveat</span> <span class='ocrx_word' id='word_1_281' title='bbox 290 2924 480 3001; x_wconf 84' lang='lat' dir='ltr'>gennanitas:</span> <span class='ocrx_word' id='word_1_282' title='bbox 503 2923 595 2981; x_wconf 87' lang='lat' dir='ltr'>valeat</span> <span class='ocrx_word' id='word_1_283' title='bbox 611 2930 661 2981; x_wconf 89' lang='lat' dir='ltr'>tua</span> <span class='ocrx_word' id='word_1_284' title='bbox 681 2943 736 2980; x_wconf 83' lang='lat' dir='ltr'>vox</span> <span class='ocrx_word' id='word_1_285' title='bbox 757 2921 814 2993; x_wconf 89' lang='lat' dir='ltr'>illa,</span> <span class='ocrx_word' id='word_1_286' title='bbox 830 2939 901 2998; x_wconf 85' lang='lat' dir='ltr'>qnae</span> <span class='ocrx_word' id='word_1_287' title='bbox 918 2921 995 2978; x_wconf 87' lang='lat' dir='ltr'>vicit.</span> 
     </span>
     <span class='ocr_line' id='line_1_37' title="bbox 156 3000 998 3062; baseline -0.006 -1"><span class='ocrx_word' id='word_1_288' title='bbox 156 3003 198 3061; x_wconf 88' lang='lat' dir='ltr'>Te</span> <span class='ocrx_word' id='word_1_289' title='bbox 219 3004 297 3062; x_wconf 88' lang='lat' dir='ltr'>enim</span> <span class='ocrx_word' id='word_1_290' title='bbox 315 3003 409 3061; x_wconf 89' lang='lat' dir='ltr'>dicere</span> <span class='ocrx_word' id='word_1_291' title='bbox 427 3003 613 3061; x_wconf 87' lang='lat' dir='ltr'>audiebamus</span> <span class='ocrx_word' id='word_1_292' title='bbox 631 3022 684 3059; x_wconf 92' lang='lat' dir='ltr'>nos</span> <span class='ocrx_word' id='word_1_293' title='bbox 703 3021 803 3059; x_wconf 91' lang='lat' dir='ltr'>omnes</span> <span class='ocrx_word' id='word_1_294' title='bbox 823 3000 998 3058; x_wconf 88' lang='lat' dir='ltr'>adversarios</span> 
     </span>
     <span class='ocr_line' id='line_1_38' title="bbox 156 3080 999 3161; baseline -0.007 -19"><span class='ocrx_word' id='word_1_295' title='bbox 156 3090 266 3160; x_wconf 89' lang='lat' dir='ltr'>putare,</span> <span class='ocrx_word' id='word_1_296' title='bbox 278 3084 333 3141; x_wconf 89' lang='lat' dir='ltr'>nisi</span> <span class='ocrx_word' id='word_1_297' title='bbox 348 3084 399 3161; x_wconf 91' lang='lat' dir='ltr'>qui</span> <span class='ocrx_word' id='word_1_298' title='bbox 411 3083 561 3141; x_wconf 90' lang='lat' dir='ltr'>nobiscum</span> <span class='ocrx_word' id='word_1_299' title='bbox 575 3090 685 3141; x_wconf 86' lang='lat' dir='ltr'>essent:</span> <span class='ocrx_word' id='word_1_300' title='bbox 706 3089 735 3139; x_wconf 89' lang='grc'>11</span> <span class='ocrx_word' id='word_1_301' title='bbox 750 3101 858 3152; x_wconf 86' lang='lat' dir='ltr'>omnes,</span> <span class='ocrx_word' id='word_1_302' title='bbox 869 3080 919 3158; x_wconf 91' lang='lat' dir='ltr'>qui</span> <span class='ocrx_word' id='word_1_303' title='bbox 933 3099 999 3137; x_wconf 91' lang='lat' dir='ltr'>oon·</span> 
     </span>
     <span class='ocr_line' id='line_1_39' title="bbox 156 3159 1003 3243; baseline 0 -21"><span class='ocrx_word' id='word_1_304' title='bbox 156 3169 201 3243; x_wconf 78' lang='lat' dir='ltr'>tra</span> <span class='ocrx_word' id='word_1_305' title='bbox 217 3171 247 3222; x_wconf 94' lang='lat' dir='ltr'>te</span> <span class='ocrx_word' id='word_1_306' title='bbox 263 3182 322 3222; x_wconf 91' lang='lat' dir='ltr'>non</span> <span class='ocrx_word' id='word_1_307' title='bbox 339 3170 443 3235; x_wconf 87' lang='lat' dir='ltr'>essent,</span> <span class='ocrx_word' id='word_1_308' title='bbox 454 3170 528 3221; x_wconf 88' lang='lat' dir='ltr'>tuos.</span> <span class='ocrx_word' id='word_1_309' title='bbox 564 3162 692 3223; x_wconf 88' lang='lat' dir='ltr'>Videsne</span> <span class='ocrx_word' id='word_1_310' title='bbox 709 3161 798 3240; x_wconf 89' lang='lat' dir='ltr'>igitur</span> <span class='ocrx_word' id='word_1_311' title='bbox 813 3161 890 3219; x_wconf 90' lang='lat' dir='ltr'>huno</span> <span class='ocrx_word' id='word_1_312' title='bbox 907 3159 1003 3239; x_wconf 61' lang='lat' dir='ltr'>splant</span> 
     </span>
    </p>
   </div>
   <div class='ocr_carea' id='block_1_7' title="bbox 0 0 1124 3418">
    <p class='ocr_par' dir='ltr' id='par_1_7' title="bbox 0 0 1124 3418">
     <span class='ocr_line' id='line_1_40' title="bbox 0 0 1124 3418; baseline 0 0"><span class='ocrx_word' id='word_1_313' title='bbox 0 0 1124 3418; x_wconf 95' lang='lat' dir='ltr'> </span> 
     </span>
    </p>
   </div>
  </div>
 </body>
</html>
