2240 3418
414 124 493 175 cnr.
508 125 627 187 ιιι-ιι,
645 123 658 185 ι
673 127 746 175 ι-ιι.
782 137 809 182 ·;
956 129 1005 178 ree

172 266 176 276 ι
203 227 311 304 Arguis
329 226 476 284 fatentem.
519 223 587 282 Non
607 231 651 283 cst
669 225 744 283 satis.
779 225 907 285 Accusas
927 248 1001 302 eum,

164 307 214 386 qui
230 326 343 364 causam
360 305 447 363 habet
467 311 525 376 aut,
537 311 570 363 ut
590 324 644 382 ego
662 304 735 376 dico,
747 305 895 364 meliorem
917 327 1003 386 quam
1118 339 1119 343 ,

163 395 196 446 tu
213 392 270 458 aut,
281 393 314 444 ut
323 393 363 456 Ιιιι
379 385 430 456 vis,
441 403 547 462 parem.
591 389 637 442 11.
652 383 733 442 Haec
754 385 940 459 admirabilia,
953 389 1003 446 sed

162 466 289 546 prodigii
303 465 395 522 simile
409 464 549 542 estquod
559 463 660 521 dicam.
694 463 761 522 Non
772 465 859 524 habet
869 469 1002 526 eamvim
1092 465 1094 470 ¹

162 547 218 605 ista
231 545 381 616 accusatio,
393 551 426 602 ut
439 543 473 613 Q
485 542 614 620 Ligarius
628 543 841 618 condemnetur,
852 547 903 604 sed
913 555 946 606 ut
955 567 1003 606 nc-
1072 587 1075 594 ,

163 633 249 684 cetur.
292 625 358 682 Hoc
375 605 435 700 egit
450 624 520 704 civis
536 623 684 681 Romanus
701 631 767 682 ante
787 631 817 682 te
833 645 935 686 nemo:
956 648 1003 687 ex-

162 706 237 764 terni
252 704 301 762 isti
317 723 411 761 mores
432 723 521 780 nsque
542 703 579 761 ad
595 704 764 780 sanguinem
780 704 893 764 incitari
910 707 1003 768 solent

163 785 231 842 odio
248 791 298 842 aut
310 780 418 842 levium'
426 782 604 840 ¹Graecorum
621 790 671 841 aut
686 784 858 843 immanium
871 786 1003 846 barbaro-

111 911 116 923 .
161 883 234 922 rum.
277 862 352 920 Nam
374 863 445 940 quid
460 863 522 940 agis
542 862 636 922 alludi
656 871 690 922 ut
706 864 816 923 Romae
836 885 872 923 ne
893 867 949 925 siti
969 875 1003 926 ut

162 943 250 1000 domo
264 949 358 1000 careat
364 943 376 1000 l
396 962 432 1000 ne
447 962 512 1000 cum
526 943 645 1020 optimis
659 944 804 1016 fratribus,
816 965 852 1004 ne
866 965 932 1004 cum
946 948 1001 1006 hoc

42 1019 52 1038 '
161 1022 194 1080 Τ.
205 1022 344 1094 Broccho,
360 1023 508 1093 avrmculo‚
523 1042 560 1080 ne
580 1043 646 1080 cum
667 1024 733 1082 eius
748 1024 815 1097 filio,
831 1026 1002 1084 consobrino

162 1122 222 1174 suo,
232 1121 269 1160 ne
282 1101 432 1160 nobiscum
446 1102 542 1160 vivatl
562 1122 598 1160 ne
612 1103 694 1160 sitin
708 1105 818 1181 patriai
848 1104 926 1162 Num
941 1108 1001 1165 estl

161 1201 233 1263 num
250 1189 347 1259 potest
364 1182 457 1258 magis
476 1201 570 1240 carere
585 1182 631 1239 his
652 1183 786 1241 omnibus
805 1203 891 1262 quam
908 1187 1002 1244 caretl

162 1261 245 1320 Italia
261 1261 437 1340 prohibetur,
450 1262 566 1319 exsulat
605 1261 676 1320 ,Non
693 1270 726 1321 tu
743 1283 810 1340 ergo
827 1283 894 1321 eum
909 1266 1003 1342 patria

162 1342 280 1420 privare,
293 1360 350 1418 qua
359 1347 444 1413 caret,
456 1341 507 1398 sed
516 1342 577 1400 vita
589 1342 639 1400 vis.
676 1348 725 1400 12:
734 1342 777 1401 At
786 1343 865 1401 istud
875 1363 911 1401 ue
925 1345 1002 1422 apud

162 1441 228 1480 eum
254 1419 370 1498 quidem
398 1421 576 1494 dictatorem,
594 1422 645 1499 qui
672 1441 779 1494 omnes,
798 1427 878 1500 quos*
893 1423 1000 1496 oderat,

162 1507 255 1558 morte
264 1497 420 1572 multabat,
433 1501 583 1578 quisquam
598 1502 658 1578 egit
670 1502 727 1560 isto
741 1503 837 1560 modo,
879 1503 945 1580 Ipse
960 1504 1002 1562 ιιι-

162 1578 249 1638 bebat
263 1579 355 1637 occidi
372 1580 451 1638 nullo
465 1580 636 1658 postulante,
649 1581 782 1658 praemiis
798 1583 885 1641 etiam
902 1583 1003 1642 invita·

162 1659 229 1718 bat:
252 1678 324 1736 quae
344 1666 441 1718 tamen
462 1660 614 1718 crudelitas
635 1660 671 1718 ab
693 1661 749 1719 hoc
769 1663 872 1720 eodem
892 1663 1002 1741 aliquot

163 1739 245 1798 annis
255 1746 330 1816 post,
341 1758 426 1817 quem
437 1747 470 1798 tu
480 1758 556 1798 nuuc
571 1740 714 1798 crudelem
728 1743 848 1814 asseris,
859 1743 1003 1801 vindicata

150 1826 215 1878 .ιιι.’
257 1819 294 1878 V.
310 1818 374 1896 Ego
394 1839 461 1878 vero
481 1820 560 1878 istud
580 1839 639 1877 non
659 1821 783 1898 postulo,
795 1822 914 1899 inquies.
957 1823 1003 1881 lta

162 1899 324 1958 mehercule
338 1899 479 1972 existimo,
486 1899 608 1958 Tubero.
643 1899 673 1958 N
673 1901 721 1958 ori
735 1901 811 1958 enim
825 1909 863 1973 te,
874 1902 942 1960 novi
955 1923 1003 1980 pa-

163 1984 245 2050 trem,
257 1978 326 2036 novi
339 1978 459 2036 domum
472 1998 635 2056 nomenque
648 1987 790 2038 vestrum:
813 1981 907 2039 studia
920 2001 1003 2059 gene

164 2058 383 2116 risaoiamiliae
393 2065 501 2116 vestrae
510 2058 632 2130 virtutis,
642 2059 836 2131 humanitatis,
846 2061 1001 2134 doctrinae,

164 2138 351 2216 plurimarum
365 2138 469 2196 artium
483 2144 569 2216 atque
584 2138 757 2215 optirnarum
768 2145 837 2196 nota
850 2139 923 2197 mihi
937 2148 1004 2199 sunt

164 2218 274 2276 omnia.
313 2223 359 2276 13.
375 2217 476 2295 Itaque
497 2224 574 2275 certo
595 2218 654 2275 scio
675 2238 726 2276 vos
746 2237 805 2275 non
825 2225 921 2295 petere
943 2239 1004 2277 san-

69 2338 72 2348 ,
164 2298 291 2375 guinem,
303 2298 353 2356 sed
366 2317 468 2374 parum
482 2297 638 2356 attenditis.
673 2297 731 2355 Res
745 2298 821 2355 euim
836 2317 870 2356 eo
885 2307 1001 2376 spectat,

164 2385 242 2436 ntea
254 2380 356 2454 poena,
367 2378 399 2434 iu
413 2387 470 2455 qua
483 2376 576 2434 adhuc
590 2376 624 2446 Q
635 2376 765 2454 Ligarius
779 2384 830 2450 est,
842 2398 900 2436 non
912 2379 1004 2437 videa-

164 2458 238 2514 mini
262 2476 322 2514 esse
349 2457 486 2516 contenti.
531 2455 611 2526 Quae
639 2464 683 2515 est
705 2457 794 2534 igitur
817 2457 872 2516 alia
892 2466 1005 2535 praeter

165 2537 307 2594 morteml
344 2535 375 2604 Si
389 2537 466 2594 enim
479 2537 568 2595 estin
582 2536 689 2609 exsilio,
702 2537 786 2594 sicuti
800 2545 851 2610 ιιι,
864 2538 933 2615 quid
947 2559 1005 2596 arn-

165 2616 241 2693 plius
251 2616 421 2694 postulatisi
451 2615 508 2689 An,
520 2617 746 2694 neignoscatnrl
780 2617 846 2675 Hoc
857 2637 923 2676 vero
933 2619 1005 2676 mul·

165 2702 197 2753 ιο
211 2696 339 2754 acerbius
352 2696 501 2774 multoque
518 2703 561 2754 ιιι
577 2696 683 2755 durius.
725 2695 811 2766 Quod
827 2716 880 2754 nos
898 2691 1003 2776 [domi]

25 2813 30 2822 -
118 2840 122 2846 ,
165 2776 291 2853 petimus
307 2775 446 2853 precibus,
462 2775 593 2848 lacrimis,
609 2776 690 2834 strati
706 2777 743 2834 ed
758 2776 854 2854 pedes,
869 2796 927 2834 non
944 2784 1004 2834 tam
1049 2795 1055 2806 ·

166 2862 280 2914 nostrae
294 2875 393 2916 causae
403 2855 524 2913 fidentes
534 2875 620 2933 quam
634 2856 720 2914 huius
733 2855 913 2928 humanitati,
923 2856 955 2913 id
968 2875 1005 2914 ne

166 2935 353 3013 impetremus
367 2935 556 3012 oppugnabis,
568 2942 598 2993 et
607 2935 639 2992 in
652 2943 782 2993 nostrum
792 2935 893 2993 ilatum
906 2936 1005 2993 irrum-

166 3032 226 3092 pes,
238 3022 268 3072 et
281 3034 334 3072 nos
350 3015 474 3072 iacentes
491 3014 528 3072 ad
543 3015 630 3092 pedes
647 3014 807 3092 supplicum
825 3033 894 3072 voce
903 3015 1005 3092 prohi-

166 3093 266 3152 bebisi
308 3099 354 3152 14.
372 3093 412 3166 si,
428 3113 494 3151 cum
518 3094 573 3152 hoc
596 3094 675 3152 domi
689 3095 865 3166 moeremus,
881 3094 960 3172 quod
975 3102 1006 3152 et

166 3174 289 3233 fecimus
305 3182 343 3247 et,
355 3181 388 3232 ut
403 3193 496 3252 spero,
506 3193 566 3232 non
579 3174 685 3236 frustra
698 3174 827 3245 fecimus,
839 3181 871 3232 tu
888 3182 1004 3254 repente
