2240 3418
121 105 173 154 288
197 103 238 154 IN
251 104 290 154 M.
302 102 497 156 ANTONIUM
506 103 870 168 xORATIO,PHILIPPICA
882 63 958 158 mvi

122 207 189 280 vita,
201 207 266 286 quis
281 209 356 266 esset
366 211 430 268 ,tam
446 226 545 282 amens
559 207 758 286 qui'insximis
771 207 916 266 laboribus
928 216 964 267 ¹et

121 287 254 365 periculis
270 288 308 345 ad
324 307 466 346 summam
482 287 596 346 laudem
616 287 794 365 gloriamque
810 288 963 350 contende.

121 368 184 424 reti
224 373 271 426 33.
287 366 396 426 Actum
412 367 502 444 igitur
517 367 659 446 praeclare
672 366 830 439 vobiscum,
841 368 964 426 fortissi-

19 443 20 448 ’
117 445 250 519 umidum
261 447 380 519 vixistis,
390 465 466 504 nunc
476 447 645 506 veroetiam
659 447 832 505 sanctissimi
844 447 961 520 milites,

123 526 202 604 quod
214 533 308 585 vestra
321 527 412 585 virtus
427 545 520 605 neque
537 526 682 585 oblivione
697 532 806 599 eorum,
818 527 869 605 qui
885 546 964 584 nunu

122 613 198 678 sunt,
209 625 263 665 nec
279 601 428 665 reticentia
442 613 623 684 posterorum
640 605 753 683 sepulta
768 625 835 665 esse
845 607 962 684 poterit,

122 704 189 743 cum
203 685 284 744 vobis
297 685 458 745 immortale
471 685 683 744 monimentum
697 685 756 744 suis
769 704 860 764 paene
868 687 964 744 mani·
992 713 995 718 Δ

122 764 177 823 bus
191 773 305 830 senatus
315 765 495 844 populusque
506 765 654 823 Romanus
664 765 841 824 exstruxerit.
874 765 966 823 Multi

122 853 206 924 saepe
216 845 356 904 exercitus
369 844 499 918 Punicis
505 845 630 916 Gallicis,
638 844 746 903 Italicis
758 843 841 902 bellis
854 845 923 902 clari
933 851 964 903 et

121 926 367 1003 magni'fuerunt,
381 944 434 983 nec
454 932 553 984 tamen
572 925 638 983 ullis
657 925 714 983 tale
734 943 825 1003 genus
837 924 964 982 'honoris

56 1037 60 1044 v
122 995 263 1065 tributum
274 1011 325 1063 est
360 1003 459 1090 Atque
469 1005 580 1063 utinam
590 1005 964 1082 maiore-possemus'quan·

122 1084 161 1142 do
184 1084 301 1163 quidem
324 1103 343 1142 a
362 1084 445 1142 vobis
468 1085 596 1142 maxime
617 1084 807 1162 accepimusl·
837 1083 902 1144 Vos
926 1083 963 1142 ab

122 1163 192 1223 urbe
208 1165 352 1223 furentem
368 1162 531 1223 Antonium
545 1164 707 1223 avertistis:
728 1183 781 1222 vos
793 1163 886 1222 redire
902 1183 964 1222 mo·

122 1243 239 1303 lientem
250 1243 421 1322 reppulistis
453 1244 516 1302 Erit
524 1244 614 1322 igitur
623 1243 868 1307 exstructamoles
876 1262 963 1320 opere

121 1323 276 1401 magnifico
296 1323 458 1401 incisaeque
468 1323 599 1396 ,litterae
611 1323 857 1385 munao-virtutis
867 1329 964 1381 testes

123 1403 319 1480 sempiternae,
331 1407 547 1481 numquamque
566 1403 604 1461 de
619 1403 830 1475 vobiseorum
843 1403 893 1480 qui
913 1410 964 1461 aut

122 1483 261 1544 videbunt
275 1490 400 1541 vestrum
413 1483 628 1554 monimentum
639 1488 690 1541 aut
702 1482 964 1560 audient-gratissi·

47 1621 48 1624 ,
122 1564 191 1620 mus'
204 1565 297 1622 sermo
314 1562 493 1621 conticescet
536 1563 582 1621 Ita
595 1581 649 1640 pro
665 1562 780 1621 mortali
792 1563 963 1622 condicione

119 1643 198 1702 ¹vitae
211 1642 457 1700 immortalitatem
470 1643 540 1701 estis
553 1643 707 1701 consecuti
806 1683 808 1690 ,
842 1699 847 1705 ,
887 1699 905 1706 ,,
952 1699 956 1704 .

162 1721 247 1780 ΧΙΠ.
261 1771 264 1779 .
277 1726 328 1796 34„
340 1721 397 1780 Sed
411 1717 556 1799 quoniam,
567 1729 663 1799 patres
673 1721 843 1799 conscripti,
855 1721 963 1800 gloriae

121 1819 228 1860 munus
244 1801 364 1878 optimis
380 1807 409 1859 et
422 1801 588 1860 fortissimis
602 1801 712 1860 civibus
727 1802 900 1861 monimenti
912 1801 972 1860 ho-‘

121 1900 192 1940 nore
202 1879 380 1959 persolvitur,
392 1880 572 1940 consolemur
584 1899 684 1939 eorum
694 1881 849 1959 proximos,
860 1881 963 1959 quibus

120 1961 234 2039 optima
244 1967 287 2019 est
297 1959 367 2018 haec
378 1960 494 2038 quidem
507 1959 683 2020 consolatio:
700 1961 875 2039 parentibus,¹
885 1960 964 2039 quod

122 2048 204 2100 tanta
218 2041 260 2100 rei
276 2039 408 2118 publicae
424 2041 567 2117 praesidia
586 2048 756 2118 genuenmt,
765 2040 872 2113 liberis,¹
884 2041 964 2118 quod

122 2121 269 2180 habebunt
296 2120 455 2180 domestice
480 2120 612 2199 exempla
638 2121 760 2192 virtutis,
782 2119 961 2197 coniugibus,

123 2201 202 2278 quod
223 2201 259 2258 iis
278 2200 347 2258 ¹viris
369 2199 517 2271 carebunt·
529 2219 602 2277 quos
621 2199 747 2261 laudare
758 2219 845 2277 quam
857 2199 964 2277 'lugere
978 2199 993 2272 ’,

122 2279 445 2358 praestabit,2fratribus‚'
453 2278 532 2358 quod
545 2280 576 2337 in
591 2298 621 2337 se
634 2286 668 2337 ut
681 2279 964 2356 corporum-sicimi-

122 2363 219 2418 tutum
236 2359 454 2418 similitudinem
470 2377 531 2418 esse
544 2357 705 2420 confident·
739 2357 838 2438 Atque
852 2359 963 2417 utinam

122 2437 168 2496 his
182 2438 316 2508 omnibus
330 2439 490 2516 abstergere
500 2438 601 2498 fletum
615 2438 765 2499 sententiis
777 2439 884 2502 nostris
898 2457 964 2497 eon-

122 2518 260 2596 sultisque
271 2522 421 2596 possemus
431 2519 475 2577 uel
484 2518 580 2597 aliqua
589 2518 655 2576 talis
665 2519 701 2576 iis
710 2517 963 2596 adhiberi-publice
1055 2581 1062 2587 ,

73 2599 80 2612 '
116 2603 221 2674 posset
236 2598 337 2670 oratio,
349 2617 407 2676 qua
424 2597 602 2675 deponerent
620 2616 778 2656 maerorem
799 2604 886 2675 atque
906 2597 964 2655 lue-

122 2682 186 2734 tum
199 2677 412 2754 gauderentque
422 2679 527 2755 potius,
539 2697 607 2736 oum
619 2677 711 2736 multa
723 2677 841 2739 etruria
854 2677 964 2754 impesu-
1001 2691 1003 2699 ⁴

111 2755 223 2821 ¹derent
232 2755 399 2828 hominibus
409 2775 513 2834 genera
525 2757 636 2830 mortis,
648 2757 679 2816 id
689 2775 789 2834 genus,
800 2756 879 2834 quod
889 2763 967 2814 esset

118 2833 354 2908 pulcherrimum,
369 2836 428 2892 suis
448 2835 588 2912 obtigisse
606 2855 712 2914 eosque
728 2831 963 2899 uec'inhumatos

123 2930 183 2968 esse
199 2931 253 2970 uec*
268 2913 403 2985 desertos,
415 2915 494 2990 quod
508 2922 604 2974 tamen
618 2915 714 2993 ipsum
727 2934 781 2992 pro
795 2915 888 2993 patrie
903 2925 963 2992 ‘non

88 3045 91 3052 ,
121 2990 316 3048 miserandum
335 2998 460 3067 putatur,
472 3012 525 3050 nec
542 2993 677 3070 dispersis
692 2994 786 3054 bustis
800 2993 906 3055 humili
922 2993 964 3052 se·

116 3067 244 3142 pultura‘
261 3077 409 3141 crematos,
429 3072 480 3128 sed
504 3079 650 3134 contectos
676 3073 800 3150 publicis
817 3073 964 3153 ioperibus

117 3152 208 3220 ¹atque
235 3148 401 3224 muneribus
425 3169 513 3226 eaque
541 3153 740 3226 exstructione,
763 3173 836 3230 quae
863 3155 901 3223 'sit
925 3154 964 3211 ad
