2262 3418
139 123 188 172 130
295 121 367 174 PRO
382 120 523 172 ARCHIA
538 120 659 172 POETA
674 120 819 172 ORATIO.

139 222 204 294 sint,
215 221 342 299 petimus
362 222 484 294 euobis,
496 222 612 295 iudices,
624 222 649 280 si
668 241 725 300 quc
741 233 800 280 non
821 222 909 282 modo
925 223 977 282 hu·¹

138 321 231 373 mana,
247 322 345 360 verum
365 303 452 361 etiam
477 303 574 360 divina
594 303 625 361 in
649 303 737 362 tantis
757 302 881 380 ingeniis
900 322 977 361 com·

138 382 285 440 mendatio
307 382 394 441 debet
417 402 484 454 esse,
500 389 533 440 ut
557 402 631 454 eum,
647 383 697 459 qui
717 402 776 454 vos,
795 382 844 460 qui
868 388 977 441 vestros

138 461 331 540 imperatores,
348 463 397 542 qui
418 462 518 541 populi
539 462 664 520 Romani
685 482 730 520 res
751 469 846 539 gestas
866 481 978 540 semper

139 543 258 614 curavit,
275 543 325 620 qui
345 543 432 601 ctiam
449 542 494 600 his
514 540 676 600 recentibus
695 542 800 600 nostris
821 543 977 620 vestrisque

139 622 304 688 domesticis
317 623 450 701 periculis
463 629 610 681 aeternum
627 641 657 680 sc
672 622 871 680 testimonium
885 622 978 680 laudis

139 702 273 760 daturum
294 723 354 761 esse
376 702 529 780 profitetur
549 709 648 779 estque
671 721 706 760 ex
728 721 763 759 eo
783 721 911 773 numero,
928 703 978 779 qui

139 802 251 860 semper
266 783 344 860 apud
360 802 460 840 omnes
480 782 572 840 sancti
592 788 659 840 sunt
675 781 768 838 habiti
783 781 880 858 itaque
897 780 976 851 dicti,

139 862 179 920 sic
193 863 223 920 in
237 870 360 920 vestram
377 862 522 939 accipiatis
536 861 631 935 fidem,
646 868 680 919 ut
692 860 877 929 humanitate
885 867 978 918 vestra

138 940 247 1000 levatus
260 943 454 1020 potiusquam
468 940 621 1000 acerbitate
631 940 754 999 violatus
768 960 828 998 esse
838 940 975 998 videatur.

140 1027 186 1079 32.
205 1021 284 1090 Quae
305 1022 340 1080 dc
364 1041 449 1081 causa
468 1041 522 1098 pro
542 1035 607 1079 mec
628 1021 834 1079 consuetudine
854 1019 979 1078 breviter

139 1100 362 1179 simpliciterque
382 1101 451 1174 dixi,
466 1100 582 1172 iudices,
599 1120 633 1158 ec
649 1100 763 1158 confido
780 1098 901 1178 probata
917 1119 977 1157 esse

120 1181 290 1240 .0mnibus:
312 1201 384 1260 quae
401 1201 481 1239 secus
497 1201 530 1238 ac
546 1197 611 1238 mea
627 1180 810 1258 iudicialique
829 1185 978 1238 consuetu·

139 1260 205 1318 dine
222 1269 252 1319 et
268 1261 304 1320 de
320 1261 446 1319 hominis
459 1261 576 1338 ingenio
591 1267 620 1318 et
633 1261 825 1318 communiter
838 1259 874 1317 de
888 1259 978 1336 ipsius

138 1340 234 1398 studio
248 1340 361 1400 locutus
378 1359 450 1411 sum,
462 1359 503 1409 ca,
514 1340 631 1411 iudices,
644 1359 662 1397 c
677 1339 761 1397 vobis
776 1359 858 1417 spero
873 1359 933 1398 esse
946 1339 977 1396 in

137 1418 243 1478 bonam
260 1427 372 1497 partem
390 1426 513 1498 accepta,
525 1419 562 1478 ab
579 1438 622 1490 eo,
634 1419 684 1498 qui
700 1419 840 1478 iudicium
857 1425 976 1492 exercet,

138 1506 216 1559 certo
230 1500 297 1560 scio.
487 1524 490 1528 ·
895 1537 898 1544 ·
