2262 3412
425 139 719 205 111.1,11.,111.
961 143 994 192 ro

153 249 214 302 tam
224 241 406 320 reipublicae
417 241 542 319 dignitas
554 241 689 320 postulat,
697 243 775 300 idem
790 261 844 320 ego
858 261 994 320 1111111111-
1088 306 1090 310 ,

153 331 242 394 catus,
254 329 287 380 ut
303 322 344 379 eis
365 341 478 398 quoque
494 321 668 394 horninibus,
681 321 784 400 qulbus
802 322 850 380 bic
866 323 994 381 consula-

153 409 201 460 tus
210 421 257 460 me
268 408 387 479 rogante
398 400 486 459 datus
492 408 574 472 essct,
586 421 619 459 11
631 421 676 459 111
686 403 788 473 fauste,
797 401 920 460 feliciter
929 422 993 479 pro·

154 501 292 559 speroque
306 481 438 538 eveniret.
481 487 507 540 2.
524 479 603 550 Quae
620 501 686 539 cum
702 481 744 539 ita
757 481 822 554 sint,
834 481 951 553 iudices,
964 489 993 541 ct
1098 480 1102 489 “

154 581 219 620 cum
237 561 331 618 omnis
345 560 465 618 deorum
479 560 684 618 immortalium
698 567 825 638 potestas
840 567 891 620 aut
904 567 994 619 trans·

153 640 211 700 lata
234 641 273 698 111
295 641 333 718 ad
356 659 407 698 vos
431 647 482 697 ant
505 647 580 698 certe
604 640 815 699 communicata
835 639 992 714 vobiscum,

153 719 231 778 idem
252 719 351 778 consul
368 719 514 778 consulem
527 725 636 777 vestrae
652 711 721 777 fidei
736 719 927 792 commendat,
943 723 993 799 qui

153 807 238 858 111111
250 797 295 857 dis
308 799 518 858 immortalibus
529 798 748 870 commendarit,
758 806 791 856 ut
805 799 932 857 eiusdem
943 799 994 858 ho·

153 879 240 937 minis
255 899 325 938 voce
341 886 371 938 et
391 879 549 938 declaratus
567 878 666 937 consul
688 886 718 937 et
738 877 873 937 defensus
889 877 993 938 benefi-

153 959 230 1016 cium
244 959 345 1037 populi
361 959 486 1018 Romani
505 978 572 1017 cum
588 965 682 1017 vostra
701 965 788 1036 atque
808 959 938 1017 omnium
955 959 993 1016 oi-

153 1039 232 1097 vium
247 1039 336 1098 salute
349 1045 471 1097 tueatur.
519 1038 559 1096 Et
573 1039 709 1116 quoniam
723 1039 754 1095 in
764 1037 820 1096 hoc
832 1037 926 1096 officio
935 1045 994 1096 stu-

154 1118 235 1176 dium
247 1137 329 1177 meae
339 1118 515 1177 defensionis
528 1118 564 1176 ab
579 1117 791 1176 accusatoribus
804 1124 890 1195 atque
905 1118 992 1176 etiam

153 1197 216 1275 ipsa
232 1199 374 1276 susceptio
391 1217 491 1256 causae
507 1197 677 1275 reprehensa
693 1203 744 1268 111,
756 1204 822 1254 ante
839 1216 925 1280 quam
938 1217 992 1275 pro

153 1275 184 1335 L.
195 1277 314 1335 Murena
327 1278 421 1336 dicere
437 1278 566 1349 instituo,
577 1297 631 1355 pro
645 1296 692 1335 1111
706 1276 769 1355 ipso
783 1295 875 1354 pauca
888 1276 991 1348 dicam,

153 1376 212 1414 non
227 1377 284 1434 quo
297 1356 371 1415 mibi
384 1359 481 1434 potior
493 1357 549 1415 hoc
564 1357 679 1434 quidem
693 1357 724 1414 in
738 1364 868 1434 tempore
882 1356 920 1413 sit
933 1355 993 1414 offi·
1082 1367 1091 1376 '

125 1431 129 1438 ’
153 1436 993 1514 1111111111111111111111111111111111111110,11(11111111011110

153 1517 235 1574 vobis
254 1517 376 1594 probato
397 1518 505 1575 maiore
525 1517 695 1575 auctoritate
715 1517 751 1574 ab
767 1516 854 1574 huius
872 1515 991 1587 honore,

153 1597 232 1654 1111111
244 1597 426 1675 fortunisque
442 1596 576 1655 omnibus
591 1597 774 1655 inimicorum
790 1597 915 1674 impetus
928 1615 993 1674 pro
1083 1663 1086 1668 ¹

152 1676 264 1753 pulsare
277 1677 395 1754 possim.

194 1755 231 1814 11
268 1763 294 1816 3.
312 1756 352 1814 Et
367 1761 493 1834 primum
507 1756 546 1815 M.
556 1756 663 1815 (latoni
676 1756 765 1815 uitam
779 1756 817 1814 ad
830 1762 937 1815 certam
951 1775 993 1814 ra·

51 1843 53 1847 ’
152 1835 241 1893 tionis
264 1854 396 1893 normam
422 1837 558 1913 dirigenti
582 1843 611 1894 ct
632 1836 850 1914 diligentissime
873 1855 993 1914 perpen-

154 1914 234 1972 denti
244 1921 392 1973 momenta
405 1915 564 1972 officiorum
575 1917 705 1973 omnium
716 1916 752 1974 de
766 1915 861 1974 officio
874 1935 993 1975 1111011-
1030 1915 1038 1931 “

154 1993 310 2068 spondebo.
352 1993 448 2070 Negat
463 1994 552 2052 fuisse
568 2001 679 2052 rectum
693 1994 765 2054 Cato
782 2014 830 2053 me
846 2003 876 2055 11
892 2016 993 2056 consu·

154 2071 211 2128 lem
225 2078 254 2130 et
264 2072 335 2149 legis
346 2073 470 2131 ambitus
480 2072 600 2130 latorem
615 2079 644 2131 11
653 2080 714 2131 tam
728 2093 822 2133 severe
833 2082 915 2153 gesto
926 2095 993 2134 con-

154 2151 247 2209 sulatu
261 2170 374 2210 causam
389 2151 419 2210 L.
428 2153 563 2211 Murenae
577 2153 732 2230 attingere:
749 2154 830 2212 cuius
843 2155 992 2232 reprehen-

154 2231 198 2288 sio
210 2249 258 2288 me
271 2230 454 2289 vehementer
469 2239 575 2303 movet,
586 2251 645 2289 non
662 2231 754 2289 solum
771 2239 805 2290 ut
817 2233 907 2304 vobis,
920 2234 992 2291 iudi-

154 2329 208 2382 111,
216 2309 320 2389 quibus
328 2311 452 2370 maxime
460 2311 559 2382 debeo,
567 2331 668 2371 verum
676 2311 764 2369 etiam
771 2318 806 2368 ut
813 2312 869 2389 ipsi
877 2312 990 2384 Catoni,

140 2419 143 2424 ·
153 2391 321 2467 gravissimo
332 2398 418 2468 atquc
428 2391 613 2468 integerrimo
624 2391 694 2462 viro,
704 2391 844 2462 rationem
854 2391 926 2449 facti
933 2393 992 2450 mei

151 2470 280 2547 probem.
322 2470 352 2528 A
368 2490 425 2549 quo
444 2471 569 2544 tandem,
584 2470 623 2530 M.
633 2471 716 2542 Cato,
731 2469 775 2530 e‘st
791 2471 909 2548 aequius
927 2491 993 2551 con·

153 2549 244 2607 sulem
265 2549 382 2609 defendi
403 2571 489 2629 quam
508 2571 527 2609 1
546 2550 680 2609 1011111111
720 2550 792 2620 Quis
813 2550 886 2608 mihi
907 2551 937 2608 in
962 2571 992 2610 re

153 2629 268 2706 publica
287 2637 383 2707 potest
403 2638 453 2690 aut
468 2631 554 2689 debet
574 2649 634 2688 esse
651 2630 838 2702 coniunctior,
850 2635 936 2709 quam
957 2632 991 2703 is,

152 2709 200 2768 cui
212 2728 257 2767 res
291 2709 385 2767 ublica
397 2729 415 2768 a
426 2729 473 2769 me
487 2711 544 2768 iam
558 2710 681 2768 traditur
694 2711 868 2783 sustinenda,
879 2711 993 2788 magnis

152 2788 224 2846 meis
240 2728 385 2848 laboribus
401 2795 431 2848 11
446 2790 579 2868 periculis
600 2791 776 2849 sustentatal
816 2789 903 2859 Quod
919 2791 943 2848 si
960 2791 991 2848 in

152 2868 189 2926 iis
202 2869 286 2926 rebus
298 2869 469 2946 repetendis,
481 2889 553 2946 quae
566 2870 692 2947 mancipi
707 2877 781 2941 sunt,
794 2870 819 2927 is
832 2870 991 2947 periculum

152 2948 253 3006 iudicii
263 2956 405 3026 praestare
415 2948 509 3020 debet,
519 2949 569 3026 qui
580 2968 609 3006 se
619 2967 695 3007 nexu
704 2949 850 3026 obligavit,
859 2950 1005 3026 profecto¹

153 3028 240 3084 etiam
256 3029 361 3088 rectius
374 3027 405 3086 in
418 3028 526 3087 iudicio
542 3028 667 3086 consulis
683 3029 826 3105 designati
839 3028 864 3084 is
877 3028 992 3104 potissi·
1064 3052 1067 3058 ·

152 3126 234 3164 mum
243 3109 350 3180 consul,
359 3108 409 3185 qui
422 3107 568 3166 consulem
579 3107 740 3178 declaravit,
748 3113 848 3172 auctor
859 3103 991 3165 beneficii

152 3186 256 3264 populi
278 3187 403 3246 Romani
425 3187 616 3266 defensorque
639 3186 758 3265 periculi
781 3205 842 3246 esse
865 3185 989 3248 debebit.
