2262 3418
323 137 404 189 OAP.
420 137 685 200 xxxi-mm,
701 136 715 198 §
730 139 820 190 86-91.
946 141 993 190 171
1072 151 1073 155 ’

153 243 280 302 insidias,
323 241 418 300 Aliter
431 241 525 320 perire
540 241 630 319 pestis
643 241 693 300 illa
708 255 767 300 non
781 242 893 320 potuit:
915 262 997 301 num-

154 343 242 402 quam
250 321 338 381 ¹illum
351 341 396 380 res
410 321 526 400 publica
539 341 591 379 suo
604 321 665 380 iure
676 329 749 380 esset
762 323 829 381 ulta.
866 323 995 396 Senatus,

154 403 249 475 crede,
267 409 428 481 praetorem
453 420 519 458 eum
544 401 818 478 circumscripsisset.
860 403 905 460 Ne
930 423 996 462 cum

154 483 265 540 solebat
280 481 398 559 quidem
416 481 447 539 id
463 481 565 553 facere,
578 480 608 537 in
624 481 737 558 privato
758 481 860 540 eodem
876 482 932 540 hoc
949 483 997 540 ali-

155 563 227 640 quid
242 562 412 639 profecerat.
456 566 502 618 89.
520 560 570 618 An
584 560 714 617 consules
730 561 760 618 in
774 568 904 639 praetore
919 570 998 620 coer·

154 641 247 700 cende
264 641 355 698 fortes
375 640 519 698 fuissent?
553 640 684 697 Primum
705 639 813 698 Milone
834 642 927 698 occiso
948 641 997 699 ha-

154 721 264 779 buisset
284 740 352 778 suos
371 719 520 778 consules:
549 719 653 778 deinde
678 720 741 798 quis
760 720 791 778 in
812 739 846 778 eo
867 729 997 799 praetore

154 800 255 858 consul
269 801 354 859 fortis
368 807 450 872 esset,
461 819 513 878 per
527 806 613 877 quem
622 800 771 857 tribunum
781 800 917 858 virtutem
931 820 997 858 con-

155 881 277 938 sularem
291 879 487 938 crudelissime
497 886 628 938 vexatam
642 899 703 938 esse
712 880 909 938 meminissetl
938 881 998 958 Op·

155 961 303 1038 pressisset
313 960 419 1031 omnia,
429 959 596 1038 possideret,
606 966 734 1017 teneret:
755 959 818 1037 lege
831 979 913 1032 nova,
924 979 997 1038 quae

155 1047 199 1097 est
212 1040 329 1098 inventa
342 1040 421 1118 apud
431 1059 497 1098 eum
508 1058 574 1098 cum
587 1039 704 1116 reliquis
717 1038 829 1117 legibus
840 1039 995 1112 Clodianis,

155 1139 251 1177 servos
271 1127 386 1178 nostros
403 1119 522 1177 libertos
539 1138 605 1177 suos
621 1119 752 1190 fecisset:
773 1126 928 1197 postremo,
941 1121 996 1177 nisi

155 1219 222 1257 eum
238 1199 269 1258 di
285 1199 462 1258 immortales
479 1200 509 1256 in
532 1217 595 1256 earn
608 1206 742 1274 ⁴mentem
762 1199 951 1276 impulissent,
963 1206 997 1257 ut

155 1279 244 1337 homo
262 1280 443 1338 effeminatus
460 1278 651 1336 fortissimum
668 1279 761 1335 virum
782 1286 931 1354 conaretur
952 1298 998 1336 oc-

149 1359 258 1431 cidere,
273 1359 362 1417 hodie
382 1378 443 1417 rem
459 1358 605 1436 publicam
626 1357 734 1415 nullam
755 1358 904 1416 haberetis.
948 1365 994 1417 90.

37 1446 45 1460 '
155 1438 205 1496 An
221 1439 269 1497 ille
286 1446 408 1517 praetor,
420 1439 469 1496 ille
485 1457 552 1496 vero
570 1437 678 1510 consul,
694 1439 718 1495 si
734 1437 823 1496 modo
839 1437 909 1496 haec
925 1444 997 1496 tem-

156 1519 204 1596 pla
219 1526 306 1596 atquc
321 1519 385 1596 ipsa
400 1517 515 1576 moenia
530 1525 605 1576 stare
621 1537 656 1576 eo
669 1517 735 1575 vivo
749 1526 809 1576 tarn
823 1517 874 1576 diu
888 1526 917 1576 et
931 1538 997 1577 con·

156 1598 280 1656 sulatum
295 1598 356 1656 eius
369 1604 532 1675 exspectare
542 1597 711 1675 potuissent,
723 1597 770 1656 ille
781 1597 904 1676 denique
914 1598 997 1656 vivus

156 1678 225 1736 mali
240 1677 313 1735 nihil
327 1677 450 1749 fecisset,
463 1677 513 1754 qui
526 1684 658 1735 mortuus
674 1697 732 1735 uno
746 1696 780 1735 ex
795 1678 854 1735 suis
871 1678 997 1736 satelliti-

156 1757 210 1814 bus
222 1751 299 1832 [Sex.
309 1754 426 1835 Clodio]
438 1756 513 1815 duce
521 1757 628 1814 curiam
638 1757 815 1815 incenderit?
848 1757 913 1826 Quo
925 1758 997 1836 quid

156 1838 294 1909 miserius,
313 1836 384 1915 quid
412 1836 548 1908 acerbius,
568 1836 638 1914 quid
665 1836 824 1895 luctuosius
851 1837 997 1895 vidimusl

156 1916 310 1994 Templum
338 1916 505 1988 sanctitatis
525 1916 732 1994 amplitudinis,
751 1917 865 1990 mentis,
884 1917 997 1975 consilii

156 1996 272 2073 publici,
283 2003 369 2075 caput
383 1995 469 2068 urbis,
479 2015 557 2053 aram
571 1996 722 2068 sociorum,
735 2003 851 2072 portum
866 1998 996 2054 omnium

156 2076 295 2153 gentium,
311 2075 408 2134 sedem
428 2075 464 2133 ab
481 2076 613 2133 universo
632 2075 741 2152 populo
762 2094 925 2132 concessam
946 2076 997 2133 uni

157 2156 259 2228 ordini,
269 2155 449 2227 inflammari,
459 2155 595 2227 exscindi,
606 2154 764 2222 funestari?
784 2173 876 2232 neque
890 2155 921 2212 id
934 2155 997 2213 fieri

156 2235 373 2293 amultitudine
386 2235 528 2312 imperita,
541 2253 714 2312 quamquam
729 2241 803 2292 esset
815 2235 951 2292 miserum
965 2235 998 2292 id

156 2314 260 2392 ipsum,
271 2316 322 2386 sed
331 2315 367 2373 ab
379 2315 456 2373 unct
489 2314 546 2384 Qui
560 2333 625 2372 cum
639 2321 752 2372 tautum
767 2333 852 2371 ausus
866 2314 903 2372 sit
917 2322 997 2372 ustor

156 2414 209 2472 pro
226 2403 350 2466 mortuo,
363 2394 433 2471 quid
448 2394 568 2472 signifer
581 2397 634 2471 pro
647 2394 713 2451 vivo
729 2413 789 2452 nou
806 2401 880 2452 esset
893 2395 997 2452 aususl

156 2473 192 2531 In
203 2475 310 2532 curiam
321 2475 505 2552 potissimum
519 2473 632 2546 abiecit,
641 2481 674 2531 ut
682 2493 748 2531 eam
761 2481 892 2532 mortuus
902 2475 998 2532 incen-
1085 2517 1088 2524 .

157 2554 245 2627 deret,
258 2573 344 2632 quam
357 2554 440 2632 vivus
456 2560 602 2612 everterat.
645 2559 691 2612 91.
704 2553 744 2611 Et
757 2561 823 2612 suut
838 2555 887 2632 qui
901 2554 937 2612 de
951 2555 997 2611 via

156 2633 256 2710 Appia
272 2641 434 2712 querantur,
446 2639 560 2692 taceant
576 2633 613 2692 de
629 2635 715 2706 ouria,
727 2641 756 2692 et
773 2635 822 2712 qui
837 2634 873 2692 ab
890 2653 924 2692 eo
941 2633 998 2710 spi-

156 2719 237 2776 ra'nte
257 2713 355 2771 forum
375 2720 479 2791 putent
495 2714 624 2791 potuisse
642 2713 768 2786 defendi,
780 2714 861 2772 cuius
881 2733 939 2771 non
955 2732 998 2770 re·

157 2793 264 2851 stiterit
280 2793 411 2851 cadaveri
432 2794 524 2851 curia!
562 2793 701 2865 Excitate,
715 2794 836 2852 excitate
855 2794 959 2870 ipsum,
972 2793 997 2850 si

156 2873 316 2949 potestis,a
334 2873 464 2930 mortuis.
506 2873 655 2950 Frangetis
674 2873 815 2951 impetum
834 2873 900 2945 vivi,
916 2873 997 2930 cuius

156 2952 204 3009 vix
221 2952 369 3010 sustinetis
384 2952 475 3009 furias
490 2951 647 3030 insepultil
687 2953 752 3010 Nisi
766 2972 833 3010 vero
850 2953 997 3010 sustinuis-

156 3031 195 3090 tis
209 3051 266 3104 eos,
279 3032 329 3110 qui
346 3051 412 3089 cnm
426 3031 537 3090 facibus
550 3032 587 3088 ad
601 3033 709 3089 curiam
724 3039 914 3104 cucurrerunt,
930 3051 996 3090 cum

157 3110 280 3170 falcibus
293 3111 330 3170 ad
341 3111 476 3183 Castoris,
488 3130 554 3168 cum
565 3111 668 3189 gladiis
681 3119 745 3170 toto
755 3113 820 3170 foro
832 3112 995 3170 volitarunt.

157 3190 247 3250 Caedi
256 3191 369 3250 vidistis
382 3191 523 3269 populum
534 3191 706 3275 Romanurn,
716 3193 879 3250 contionem
894 3191 998 3269 gladiis
