2262 3412
35 3065 97 3156 ῤ’)

75 91 77 94 ’
122 134 155 183 en
281 131 320 181 m
338 131 369 182 n
385 129 590 182 cnnmmnnr
603 131 736 200 onemo
752 131 804 184 m.

102 247 109 373 p
122 240 309 311 senatumque
323 252 459 290 converso
474 233 573 291 omnis
586 227 628 308 [et
639 240 753 292 senatus
766 239 795 293 et
806 231 879 314 vos]‚
890 254 963 314 qnae

123 320 203 372 erant
220 313 346 390 cogitate
362 320 461 371 contra
478 313 598 371 salutem
619 315 758 386 omnium,
773 314 913 373 illustrate
933 323 963 374 et

122 393 268 471 patefacte
287 392 407 451 vidistis.
451 399 497 452 22.
516 393 581 462 Quo
599 394 686 451 etiam
702 394 810 452 maiore
830 402 898 452 sunt
913 396 962 454 isti

123 473 191 531 odio
206 473 403 551 supplicioque
414 473 495 551 digni
517 463 639 550 ‹fiii'non
654 474 745 532 solum
760 475 861 532 vestris
872 475 963 533 domi-

123 540 203 610 ciliis
216 560 302 630 atque
322 553 413 625 tectis,
426 553 476 611 sed
492 517 579 611 diem
600 554 720 611 deorum
739 553 856 631 templis
876 562 962 633 etque

123 633 169 690 del
210 633 248 690 ris
269 639 336 690 sunt
351 632 483 690 funestos
502 651 535 690 ac
555 633 680 691 nefarios
698 635 779 711 ignes
795 634 901 693 inferre
918 655 963 693 co

122 720 191 770 nat1.
234 711 345 781 Quibus
365 731 419 789 ego
441 711 465 770 si
487 732 544 774 me
558 712 694 771 restitisse
718 713 812 771 dicem
839 714 962 772 nimium

122 791 196 850 mihi
213 811 325 850 sumam
341 799 371 850 et
383 811 442 849 non
460 791 514 849 sim
528 792 681 850 ferendus:
702 757 821 865 illijffli
831 793 963 871 Iuppiter

123 861 314 930 restititT‘ille
330 870 515 948 Capitolium,
526 866 574 930 ille
594 871 664 930 haec
684 872 800 949 temple,
812 872 859 932 ille
880 893 964 932 cunc·

99 957 183 1008 tam
204 950 312 1024 urbem,
324 950 371 1008 ille
388 970 440 1009 vos
460 971 560 1010 omnes
581 951 672 1009 salvos
690 971 750 1010 esse
767 952 865 1012 voluit.
907 953 962 1012 Dis

122 1049 178 1109 ego
192 1031 402 1112 immorQibus
415 1030 536 1109 ducibus
549 1031 623 1090 hanc
636 1039 764 1090 mentem
775 1033 964 1091 voluntatem·

124 1130 179 1188 qne
190 1111 309 1188 suscepi,
320 1117 406 1189 etque
482 1119 622 1170 sectante
631 1111 869 1191 indicisperveni.
900 1112 963 1171 Iam

123 1209 191 1249 vcro
204 1190 253 1248 ille
266 1189 458 1268 Allobrogum
472 1191 635 1250 sollicitatio
649 1237 656 1250 .
672 1236 679 1251 .
696 1237 702 1250 .
717 1193 776 1250 iam
790 1192 826 1250 sb
841 1191 963 1252 Lentulo

124 1270 280 1348 ceterisque
297 1271 462 1329 domesticis
479 1271 611 1330 hostibus
627 1279 687 1330 tam
704 1273 852 1330 dementer
866 1280 964 1332 tantae

123 1369 169 1408 res
185 1351 308 1409 creditae
325 1357 354 1408 et
370 1345 484 1429 ignotis¹
495 1358 524 1410 et
537 1352 664 1411 barbaris
681 1353 905 1431 commissaeque
919 1353 964 1412 lit·

123 1437 201 1488 teree
211 1450 369 1508 numquam
383 1438 477 1514 esspept
490 1432 631 1510 profecte,
643 1433 699 1491 nisi
709 1433 745 1492 ab
760 1433 804 1491 dis
818 1433 964 1492 immortee

124 1509 200 1567 libus
214 1509 283 1568 huic
294 1517 395 1588 'teritos
406 1512 546 1603 mdeste
562 1513 712 1570 consilium
733 1520 826 1590 esset,
823 1521 962 1592 ereptum.

125 1589 203 1658 Quid
213 1573 351 1648 vffi'l‘ut
364 1577 496 1649 hommes
506 1591 581 1649 Galli
595 1611 629 1649 ex
644 1591 759 1650 civitate
769 1593 843 1651 male
853 1601 962 1670 pacata,

125 1688 197 1746 quae
213 1688 284 1746 gens
304 1689 361 1728 una
379 1677 466 1728 restat
482 1690 555 1749 quae
574 1670 681 1730 bellum
701 1673 810 1749 populo
831 1673 963 1732 Romano

124 1749 218 1807 facere
234 1757 264 1806 et
279 1769 363 1827 posse
380 1757 409 1808 et
424 1769 483 1808 non
504 1751 580 1808 nolle
596 1751 734 1833 videatur,
750 1771 830 1829 spem
850 1753 989 1830 imperii·

124 1848 158 1886 ac
171 1847 265 1887 rerum
283 1829 522 1907 amplissimarum
535 1831 611 1889 ultro
629 1831 683 1888 sibi
697 1851 715 1889 e
730 1827 858 1909 patriciis
873 1833 964 1890 homi-

124 1907 210 1966 nibus
226 1908 352 1966 oblatam
368 1929 404 1968 ne
424 1909 546 1988 ligerent
565 1918 745 1989 vestramque
765 1911 885 1970 salntem
906 1913 964 1970 suis

125 1988 229 2067 opibus
249 1929 591 2066 anmponssffnon
612 1991 750 2048 divinitus
771 1991 882 2050 factum
904 2011 964 2050 esse

108 376 112 401 l

124 2069 252 2146 putetisl
271 2071 437 2147 praesertim
455 2072 504 2148 qni
525 2091 578 2130 nos
598 2091 657 2130 non
673 2071 838 2150 pugnando,
854 2073 904 2132 sed
923 2079 964 2130 te

65 2185 110 2210 ,.-
125 2149 216 2207 cendo
231 2168 363 2227 superare
376 2151 541 2230 potuerint?

97 2253 122 2280 a
164 2228 203 2286 X.
239 2235 286 2287 23.
305 2229 398 2299 Quem
414 2229 540 2304 bb'rem,
553 2230 686 2302 Quirites,
699 2231 835 2308 quoniam
852 2231 889 2289 ad
905 2250 963 2289 om·

125 2307 173 2366 nia
182 2307 343 2387 pulvinaria
353 2309 523 2388 supplicatio
532 2309 646 2368 decreta
656 2317 707 2383 est,
719 2310 889 2368 celebratote
899 2310 964 2368 illos

125 2389 187 2446 dies
203 2408 270 2447 cum
287 2390 459 2468 coningibus
475 2410 507 2449 sc
523 2391 620 2448 liberis
636 2391 744 2448 vestris
771 2369 963 2450 'Na-mmm
1077 2391 1081 2397 ’

125 2488 208 2546 saepe
224 2469 348 2528 honores
364 2470 410 2527 dis
425 2470 636 2529 immortalibus
652 2469 720 2527 iusti
737 2467 829 2526 habiti
848 2477 915 2528 sunt
931 2489 964 2528 ec

21 2559 22 2562 ’
125 2548 224 2621 debiti,
235 2549 286 2606 sed
295 2549 426 2627 profecto
436 2551 568 2608 iustiores
579 2567 743 2626 numquam.
776 2549 877 2628 Erepti
887 2550 963 2608 enim

125 2628 194 2684 estis
210 2647 245 2686 ex
262 2629 457 2687 emdelissimo
474 2648 507 2687 sc
522 2629 682 2686 miserrimo
696 2629 816 2688 interitu
830 2637 860 2688 et
873 2629 964 2708 erepti

126 2706 186 2764 sine
203 2707 297 2779 caede,
309 2709 370 2766 sine
387 2709 532 2786 sangnine,
545 2709 606 2767 sine
625 2710 760 2782 exercit-u,
772 2710 833 2770 sine
849 2711 965 2768 dimice-

125 2785 221 2844 tione:
243 2788 335 2864 togati
351 2807 398 2846 me
415 2808 473 2846 uno
489 2796 590 2867 togato
606 2789 679 2848 duee
696 2797 725 2848 et
738 2790 909 2867 imperatore
926 2790 964 2848 vi·

126 2865 212 2924 cistis.
256 2871 302 2925 24.
318 2868 434 2926 Etenim
453 2868 651 2942 recordamini,
664 2867 797 2941 Quirites,
810 2889 910 2928 omnes
928 2869 965 2927 ci-

126 2945 196 3003 viles
212 2945 409 3020 dissensiones,
425 2967 483 3006 non
501 2949 594 3008 solum
610 2969 665 3023 ess,
681 2969 751 3027 quas
771 2950 899 3021 audistis,
915 2949 963 3007 sed

127 3042 181 3096 eas,
195 3045 264 3104 quas
280 3035 391 3088 vosmet
407 3029 463 3106 ipsi
479 3030 651 3088 meministis
667 3036 753 3107 etque
770 3028 889 3087 vidistis.
932 3028 963 3108 L.

103 3111 107 3122 ’
127 3102 206 3185 Sulla
225 3100 427 3187 P.'Sulpicium
449 3110 599 3189 oppressit,
614 3110 697 3168 eiecit
716 3127 750 3166 ex
771 3108 841 3166 urbe
861 3107 973 3200 0ng

127 3179 210 3259 rium,
223 3188 370 3248 custodem
392 3190 477 3249 huius
497 3190 584 3264 urbis,
599 3189 761 3266 multosque
782 3187 873 3247 fortes
889 3208 964 3247 vrros
