2262 3412
147 161 181 209 68
306 158 347 208 IN
364 159 394 210 L
409 156 614 209 CATILINAM
632 156 766 208 ORATIO
783 157 832 207 1v.

148 259 325 354 impendent,
340 261 396 319 nisi
415 259 581 338 providetis.
623 258 691 317 Non
713 258 756 318 Τί.
769 257 922 332 Gracchus,
939 260 989 338 qui
1019 281 1052 324 ι
1040 261 1091 310 ¹

148 341 253 399 iterum
269 341 401 399 tribunus
417 340 510 417 plebis
525 339 587 398 fieri
603 339 702 412 voluit,
714 358 773 396 nou
790 338 822 396 C.
833 337 986 413 GracchuS,
1077 361 1079 374 ¹

149 420 227 499 quod
243 421 369 512 agrarios
387 420 529 478 concitare
546 426 665 477 conatus
681 383 732 490 ebt,
744 437 802 476 non
819 417 850 476 L.
862 418 988 476 Saturni·
1024 437 1065 478 t

147 519 210 572 nus,
223 499 321 592 quiO.
333 499 503 558 Memmium
525 498 661 571 occidit'
653 518 684 555 m
701 498 853 556 discrimen
870 497 988 576 aliquod

117 579 262 656 -atque
254 598 284 637 ιι
305 586 413 637 vestrae
430 579 587 637 severitatis
603 543 742 636 indicium
759 577 926 636 adducitur:
947 585 988 638 tc

146 659 279 716 nentur
271 659 300 730 ri,
314 659 364 736 qui
385 658 422 716 ad
443 658 521 716 urbis
542 657 715 730 incendium,
731 657 769 716 ad
784 665 907 714 vestram
928 677 988 715 om·
1086 723 1089 729 ¹

146 739 228 796 nium
177 738 367 826 caedem,
380 739 417 798 ad
430 737 585 796 Catilinam
601 702 803 829 accipirindum
819 736 929 794 Romae
946 757 987 796 re-

147 803 300 876 stiterunt.
328 823 463 876 tenentur
486 817 605 888 litterae,
627 816 716 893 signa,
734 835 844 888 manus,
862 816 986 894 denique

146 897 232 955 unius
252 897 389 990 cuiusque
409 896 569 955 confessio:
597 896 786 954 sollicitantur
805 861 984 989 Allobroges,

146 976 261 1050 servitia
277 977 444 1049 excitantur,
456 976 581 1034 Catilina
597 975 754 1048 arcessitur,
769 974 801 1033 id
821 982 864 1034 est
879 975 985 1034 initum

146 1041 306 1128 eonsilium,
318 1064 352 1115 ut
365 1057 524 1115 interfectis
538 1055 672 1113 onmibus
685 1075 771 1113 nemo
785 1075 822 1114 ne
835 1055 873 1112 ad
889 1055 986 1134 deplo

145 1136 268 1194 randum
285 1137 402 1215 quidem
418 1135 519 1229 populi
533 1134 657 1194 Romani
673 1154 779 1193 nomen
796 1142 881 1212 atque
897 1135 934 1192 ad
947 1135 985 1192 la·

144 1215 330 1274 mentandam
352 1217 458 1274 tanti
450 1216 564 1293 rmperii
588 1215 779 1273 calamitatem
800 1214 983 1306 relinquatur.

146 1295 199 1354 III.
236 1302 261 1354 ὅ.
278 1295 359 1354 Haeo
375 1296 473 1354 omnia
489 1296 598 1354 indices
614 1294 785 1366 detulerunt,
800 1295 842 1352 rei
860 1295 985 1353 confessi

145 1381 220 1446 sunt,
238 1396 290 1434 vos
313 1375 443 1434 multis
435 1394 492 1433 ram
517 1374 631 1433 iudiciis
655 1374 813 1432 iudicavist'
793 1381 838 1445 t,1s
852 1375 984 1456 primum

145 1420 224 1531 quod
239 1455 312 1512 mihi
329 1455 435 1532 gratias
451 1454 550 1531 egistis
564 1453 755 1531 singularibus
768 1454 861 1512 verbis
878 1462 907 1513 et
920 1474 985 1513 mea

144 1535 250 1592 virtute
265 1541 351 1611 atque
365 1533 515 1612 diligentia
527 1533 706 1611 perditorum
719 1533 871 1592 hominum
888 1535 985 1592 coniu-

144 1614 285 1671 rationem
298 1613 474 1691 patefactam
488 1633 548 1671 esse
562 1612 734 1685 decrevistis,
747 1612 851 1671 deinde
863 1614 982 1692 quodP.

144 1692 298 1752 Lentulum
316 1713 345 1752 sc
365 1693 497 1751 abdicem
513 1699 646 1778 praetura
661 1693 805 1770 coegistis,
820 1700 884 1751 tum
906 1695 985 1771 quod

143 1792 210 1830 eum
233 1780 263 1831 et
284 1780 400 1843 ceteros,
416 1772 452 1830 de
475 1757 579 1864 quibus
600 1772 779 1844 iudicastis,
770 1791 801 1829 ιι
823 1773 984 1832 custodiam

143 1852 254 1928 dandos
267 1853 426 1924 censuistis,
435 1851 616 1944 maximeque
628 1850 706 1930 quod
716 1871 781 1910 meo
792 1853 909 1912 nomine
920 1873 985 1932 sup

142 1917 326 2010 plicationem
336 1917 557 1990 decrevistis*
502 1951 570 2008 qur
560 1932 670 1989 honos
680 1938 781 2010 togato
791 1932 984 1992 habitusante

142 2031 189 2070 me
210 2020 253 2071 est
273 2012 399 2070 nemini:
421 2019 567 2100 postremo
583 2006 717 2069 hesterno
738 2011 785 2070 die
805 2013 932 2089 praemia
946 2013 985 2070 le-

142 2092 217 2170 gatis
226 2075 419 2170 Allobrogum
432 2071 574 2184 Titoque
568 2090 721 2149 Vulturcio
735 2091 857 2151 dedistis
870 2093 984 2170 amplis·

143 2173 221 2230 sima.
258 2171 338 2241 Quae
355 2178 422 2231 sunt
436 2171 535 2228 omnia
550 2170 611 2229 eius
624 2170 714 2243 modi,
725 2172 791 2229 ιιι”
772 2191 802 2244 ιι,
815 2171 865 2249 qui
879 2173 909 2229 in
924 2193 984 2230 eus·

141 2252 252 2310 todiam
267 2252 439 2310 nominatim
456 2251 517 2309 dati
534 2258 609 2323 sunt,
621 2251 683 2310 sine
698 2216 757 2310 tilla
770 2250 951 2310 dubitatione
967 2272 985 2310 a

141 2332 223 2390 vobis
237 2333 366 2391 damnati
379 2352 439 2391 esse
453 2330 611 2408 uidene-ntur.
633 2398 635 2404 Ι
681 2391 682 2394 ,

182 2418 208 2471 6.
225 2411 282 2470 Sed
293 2432 347 2490 ego
357 2412 471 2471 institui
481 2412 585 2470 referre
596 2411 634 2468 ad
644 2431 703 2483 vos,
712 2418 809 2489 patres
820 2411 982 2490 conscripti,

141 2497 288 2570 tamquam
306 2492 457 2569 integrum,
470 2498 499 2550 et
516 2491 552 2550 de
568 2491 647 2549 facto
665 2491 736 2568 quid
752 2491 886 2550 iudicetis
902 2499 931 2550 et
947 2491 984 2549 de

140 2589 234 2648 poena
245 2571 316 2648 quid
326 2571 471 2629 censeatis.
504 2571 557 2629 Illa
569 2571 742 2649 praedicam,
755 2590 828 2649 quae
842 2579 909 2629 sunt
919 2564 995 2630 con-¹
1019 2569 1127 2622 wilm

99 2723 102 2730 Δ
141 2650 218 2709 sulia
254 2651 317 2728 Ego
331 2650 468 2728 magnum
483 2651 513 2709 in
527 2671 557 2709 re
571 2651 687 2730 publica
697 2671 802 2710 versari
793 2652 943 2710 furorem
954 2657 985 2708 et

4 2755 31 2800 f
104 2769 110 2777 -
141 2749 216 2787 nova
229 2730 369 2808 quaedam
385 2731 498 2789 misceri
514 2737 544 2790 et
557 2731 694 2790 concitari
711 2731 807 2790 mala
799 2751 858 2790 ram
871 2731 984 2808 pridem

4 2823 6 2830 ’
119 2836 124 2846 =
141 2809 282 2882 videbam
292 2810 343 2868 sed
355 2797 558 2884 banetantam,
567 2798 643 2870 tam
642 2811 793 2870 exitiosam
806 2811 905 2870 haberi
919 2830 985 2868 con-

140 2889 312 2958 iurationem
326 2909 344 2947 a
357 2889 466 2948 civibus
482 2911 640 2968 numquam
654 2892 761 2968 putavi.
800 2891 886 2949 Nunc
903 2890 985 2966 quid-

142 2970 213 3047 quid
229 2977 279 3042 est,
293 2989 474 3048 quocumque
487 2977 596 3028 vestrae
612 2978 724 3029 mentes
740 2969 881 3028 inclinant
897 2976 983 3046 atque

123 3111 128 3123 ,
141 3050 306 3122 sententiae,
317 3049 500 3108 statuendum
511 3050 593 3107 vobis
604 3057 669 3108 ante
680 3055 795 3106 noctem
806 3055 856 3106 est.
888 3047 984 3115 Quan-

24 3173 27 3178 .
140 3135 204 3186 tum
224 3129 337 3187 facinus
357 3129 394 3186 ad
418 3148 470 3186 vos
493 3128 620 3186 delatum
645 3129 682 3185 sit
705 3127 816 3186 videtis.
859 3126 980 3183 Huic
958 3147 983 3184 sr

131 3228 247 3284 paucos
261 3209 352 3288 putat
344 3229 370 3267 rs
332 3207 491 3267 tadfiues
507 3227 576 3280 csse,
580 3193 772 3266 veliementer
788 3206 895 3265 erratis.
931 3204 983 3264 La·
1122 3259 1127 3274 ,
