2262 3418
318 128 731 212 ····JARG1JM1tanUM;
768 140 771 144 ’
835 141 839 146 ’
873 141 875 144 “
967 133 1016 185 137

175 233 317 279 extractum
330 242 392 278 esse.
414 227 539 288 'Virgines
556 242 654 291 quoque
667 228 782 284 Albanae
798 227 916 278 dixerunt
929 229 1016 279 mulie·

175 309 230 343 rem
248 293 360 354 ignotam
376 293 473 341 venisse
491 292 524 342 ad
541 307 575 354 se,
590 308 653 356 quae
670 293 772 343 Milonis
792 295 913 343 mandatu
929 305 1014 350 votum
1093 309 1103 324 ·

176 359 289 418 solveret,
301 357 368 420 quod
379 357 485 407 Clodius
501 357 597 406 occisus
611 367 683 408 esset.
720 359 831 408 Ultimae
844 359 1015 410 testimonium

176 425 294 473 dixerunt
306 423 460 485 Sempronia,
472 422 597 471 Tuditani·
603 423 662 484 lilia,
674 438 758 472 socrus
769 424 800 473 Ρ
811 425 900 486 Clodii,
912 434 937 473 et
950 440 1015 474 uxor

175 489 272 550 Fulvia,
282 499 307 538 ot
319 488 362 537 flet
352 496 379 537 tu
393 503 438 536 suo
447 503 541 566 magno
554 503 628 550 opere
639 503 690 549 eos,
699 503 741 551 qur
734 489 892 550 Qadstabant
904 505 1015 540 eommo-

175 567 271 607 verunt
308 548 452 602 Dimisso'
431 569 498 602 circa
509 553 596 602 horam
608 553 731 602 decimam
741 553 833 603 iudicio
844 555 875 604 Τ.
885 526 1015 604 Munatius

175 636 221 684 pro
232 619 345 670 contione
357 619 474 682 populum
486 617 633 668 adhortatus
644 627 690 680 est,
699 627 727 667 ut
737 627 836 682 postero
847 619 887 668 die
898 619 1015 684 frequens

175 686 272 734 adesset
286 693 311 733 et
324 684 389 733 elabi
405 684 525 732 Milouem
543 695 592 732 non
606 692 740 747 pateretur,
749 684 917 748 iudiciumque
931 695 956 734 et
971 686 1015 734 do·

175 751 253 800 lorem
264 766 336 800 suurn
348 751 489 799 ostenderet
499 749 615 798 euntibus
626 750 658 798 ad
671 749 788 798 tabellam
799 749 934 800 ferendam.
965 752 1015 800 Po-

176 825 242 865 storo
253 815 300 874 die,
312 816 355 878 qui
365 815 413 864 fuit
424 815 508 864 iudicii
522 830 634 864 summus
651 830 673 864 a.
685 815 708 864 d.
720 814 770 864 111.
777 815 816 864 Id.
827 815 935 878 Apriles,
947 815 1014 864 clau-
1031 817 1034 822 '

175 881 327 931 cecinerunt
340 890 392 929 tots
403 881 463 930 urbe
475 881 600 941 tabernae,
611 879 734 942 praesidia
745 881 771 929 in
782 881 836 929 foro
846 890 872 928 et
883 881 950 929 circa
961 896 1014 934 οιιι-Ι

176 961 219 995 ιιεε
227 947 274 995 fori
283 946 365 994 aditus
372 946 507 1008 Pompeius
519 945 646 1008 disposuit,
656 947 709 1008 ipse
718 961 763 1008 pro
773 947 876 1004 aerario,
887 954 915 994 nt
924 946 1011 1008 pridie,

175 1011 287 1060 consedit
309 1021 409 1075 saeptus
432 1011 527 1060 delecta
549 1027 625 1060 manu
647 1011 763 1060 militum.
801 1011 902 1060 Sortitio
924 1011 1014 1061 deinde

175 1077 284 1126 iudicum
300 1077 412 1140 a,primo
429 1077 470 1125 die
483 1077 551 1126 facta
566 1085 619 1125 est:
638 1087 694 1140 post
708 1085 806 1126 tanturn
820 1076 945 1125 silentium
962 1085 1015 1129 toto

174 1143 228 1191 foro
238 1142 293 1202 fuit,
304 1151 423 1205 quantum
436 1157 490 1191 esse
500 1142 526 1190 in
538 1141 622 1205 aliquo
633 1143 686 1190 soro
696 1150 786 1204 posset.
817 1143 883 1190 Tum
894 1141 960 1190 intra
971 1142 1015 1191 ho·

175 1223 227 1256 ram
239 1208 373 1256 secundam
384 1215 538 1256 accusatores
549 1217 682 1270 coeperunt
692 1207 781 1267 dicere,
792 1207 888 1270 Appius
900 1208 979 1255 maior
990 1215 1015 1258 et

175 1274 211 1323 M.
222 1273 349 1322 Antonius
365 1280 391 1322 et
404 1273 434 1324 P.
445 1273 560 1322 Valerius
574 1273 666 1336 Nepos.
702 1272 749 1323 Usi
763 1282 821 1322 sunt
832 1287 866 1322 ex
879 1271 934 1334 lege
947 1272 1015 1324 horis

174 1338 277 1386 duabus.

178 1445 181 1450 .
207 1403 344 1466 Respondit
355 1403 385 1452 iis
396 1418 461 1452 unns
472 1403 509 1452 M.
520 1403 624 1452 Cicero:
643 1411 669 1452 et
680 1419 737 1452 oum
749 1402 897 1467 quibusdam
908 1401 1015 1466 placuis·

175 1478 213 1518 set
221 1470 257 1517 ita
268 1469 365 1517 defendi
378 1469 479 1530 crimen,
489 1469 596 1517 interfici
605 1469 721 1518 Clodium
731 1483 811 1532 prore
820 1468 1012 1532 publicafuisse,

158 1565 163 1569 ,
175 1550 251 1598 quam
261 1535 366 1583 formam
375 1535 412 1584 M.
420 1535 514 1582 Brutus
523 1543 621 1582 secutus
632 1543 671 1583 est
682 1535 707 1584 in
716 1549 747 1582 ea
755 1534 876 1594 oratione,
884 1549 960 1596 quam
970 1549 1015 1597 pro

175 1600 271 1648 Milone
289 1600 428 1662 composuit
445 1608 471 1648 et
487 1599 572 1660 edidit,
587 1600 659 1662 qnasi
675 1599 773 1661 egisset,
788 1599 902 1648 Ciceroni
918 1599 946 1648 id
963 1614 1014 1651 nou

174 1665 275 1727 placuit,
287 1665 353 1728 quod
365 1680 423 1725 non,
433 1665 476 1727 qui
487 1665 552 1714 bono
563 1664 661 1728 publico
672 1665 794 1726 damnari,
805 1665 872 1714 idem
884 1665 960 1714 etiem
972 1680 1014 1714 oo-

175 1729 224 1778 cidi
237 1730 395 1778 indemnatus
408 1740 498 1793 posset.
535 1731 625 1793 Itaque
638 1745 694 1779 curn
708 1730 810 1779 insidias
822 1731 944 1780 Milonem
956 1730 1014 1785 Clo7

173 1795 217 1843 dio
229 1795 467 1858 fecissepoeuissent
480 1803 643 1857 accusatores,
656 1796 714 1858 quia
727 1796 817 1844 falsum
830 1797 857 1845 id
868 1806 1014 1846 erat-nam

174 1860 238 1908 sorte
249 1861 293 1909 illa
304 1861 360 1908 rixa
371 1860 503 1909 commissa
513 1861 634 1921 fuerat-,
645 1861 733 1910 Cicero
744 1861 906 1924 apprehendit
917 1871 942 1912 et
954 1873 1014 1910 con*

175 1934 215 1974 trs
234 1925 350 1975 Clodium
368 1925 458 1974 Miloni
478 1926 565 1977 fecisse
583 1926 687 1976 insidias
706 1927 850 1988 disputarit,
864 1941 944 1991 eoque
961 1938 1014 1976 tota

175 1991 254 2040 oratio
267 1991 320 2039 eius
332 1991 459 2053 spectavit.
496 1991 546 2040 Sed
557 1991 593 2040 ita
603 1991 722 2052 constitit,
733 2001 760 2040 ut
772 1991 890 2054 diximus,
901 1993 1013 2045 neutrius

173 2056 277 2105 oonsilio
289 2064 427 2119 pugnaturn
441 2070 494 2104 esse
508 2071 538 2104 eo
550 2057 693 2118 dierorum
706 2057 730 2106 ei
741 2057 805 2106 forte
818 2059 967 2106 occurrisse:
987 2066 1013 2108 et

71 2145 97 2172 ι,
174 2135 207 2169 ex
219 2121 569 2172 rixsserrorumadoaedem
578 2132 731 2184 peruentum.
762 2123 857 2171 Notum
866 2133 949 2172 temen
958 2131 1013 2172 erat

172 2197 308 2250 utrumqne
320 2195 426 2238 mortem
438 2186 509 2236 elteri
519 2202 591 2250 saepe
602 2188 724 2236 minatum
736 2202 798 2246 esse,
808 2201 833 2236 et
842 2188 905 2236 siout
914 2203 1013 2250 suspec·

83 2297 85 2304 .
172 2252 364 2301 tanilonem
376 2252 457 2301 maior
469 2268 544 2316 quum
562 2253 644 2302 Clodii
658 2252 753 2301 familia
766 2253 925 2313 sisciebatita
938 2269 1013 2317 cxpe-

174 2317 250 2365 ditior
269 2327 295 2366 et
310 2318 419 2380 paratior
437 2318 469 2366 ad
486 2333 596 2381 pugnam
616 2318 793 2368 Clodianorum
813 2333 890 2382 quum
910 2319 1013 2369 Milonis
1083 2350 1088 2356 -

174 2382 262 2430 fuerat
300 2383 388 2432 Cicero
402 2398 458 2431 cum
472 2383 591 2446 inciperet
604 2383 695 2443 dicere,
704 2391 823 2447 exceptus
839 2393 877 2432 est
890 2384 1013 2433 acclama-

175 2448 242 2496 tione
251 2447 436 2510 Clodianorum,
446 2449 489 2512 qui
501 2463 527 2498 se
538 2447 664 2497 continere
675 2463 707 2496 ne
716 2457 784 2496 metu
794 2449 894 2511 quidem
907 2451 1014 2498 circum-

174 2513 294 2562 stantium
316 2513 424 2562 militum
446 2521 587 2576 potuerunt.
623 2514 713 2576 ltaque
734 2529 785 2562 non
805 2529 904 2577 ee,qua
926 2515 1013 2564 solitus

172 2587 236 2639 erat,
250 2579 391 2628 constantia
409 2578 482 2629 dixit.
518 2579 606 2628 Manet
625 2588 710 2628 autem
727 2579 769 2627 illa
788 2593 887 2656 quoqne
907 2590 1014 2643 excepte

175 2643 227 2692 eius
241 2645 327 2692 oratio.
365 2644 469 2707 Scripsit
479 2659 538 2693 vero
549 2644 622 2706 hanc,
633 2659 709 2708 quem
720 2645 851 2722 legimus,'
844 2653 881 2694 ita
893 2646 1010 2710 perfecte,

170 2719 203 2757 ut
213 2709 267 2759 iure
276 2710 357 2772 prima
367 2709 453 2760 haberi
464 2709 548 2773 possit.

170 2875 173 2880 ,
206 2823 369 2875 EIUSDEM
385 2825 417 2886 Q
430 2824 576 2875 ASCONII
592 2825 745 2876 PEDIANI
762 2823 860 2876 HAEC
878 2825 978 2877 SUNT.

169 2925 174 2946 .·
205 2906 313 2955 Peracta
328 2906 453 2968 utrimque
465 2921 541 2954 causa
557 2907 648 2967 singuli
665 2907 754 2970 quinos
771 2916 900 2956 accusator
915 2917 940 2958 et
958 2922 1014 2957 reus

174 2980 308 3033 senatores,
318 2970 424 3020 totidem
437 2971 531 3034 equites
542 2981 568 3020 et
579 2973 691 3021 tribunos
702 2974 810 3022 aerarios
821 2974 966 3035 reiecerunt,
977 2974 1014 3026 ite

173 3049 201 3084 ut
216 3042 324 3086 'unuset
339 3036 370 3086 L.
385 3037 520 3085 sententias
537 3036 646 3086 tulerint.
682 3038 814 3088 Serrntores
833 3039 1013 3086 condemnave-

174 3111 232 3150 runt
242 3102 317 3162 XIL,
328 3102 485 3150 absolverunt
496 3103 559 3150 VI.:
578 3102 673 3164 equites
684 3103 910 3152 condemnaverunt
921 3103 1010 3164 XllI.‘,

170 3166 331 3219 absolverunt
343 3167 409 3219 Νι
428 3166 520 3216 tribuni
531 3167 620 3234 aerarii
631 3168 860 3227 condemnaverunt
870 3167 960 3230 XHL,
970 3169 1014 3220 ab·
