2240 3418
384 126 463 178 ose.
480 126 623 190 ιιι-ιιι,
639 124 653 187 s
669 129 757 178 mis.
945 129 995 177 ιιι

74 235 78 243 ’
153 230 201 288 ille
219 228 336 301 Brutus,
349 229 398 307 qui
419 235 448 286 et
468 229 530 307 ipse
550 229 701 304 dominatu
721 230 800 308 regio
821 249 881 288 rem
902 229 995 308 publi-

154 329 217 368 cam
237 309 367 368 liberavit
384 315 414 366 et
434 309 471 367 ad
491 309 614 367 similem
630 311 765 368 virtutem
783 316 812 368 et
829 310 921 369 simile
937 312 995 369 fao-

152 396 216 447 tum
234 389 352 466 stirpem
372 388 431 446 iam
449 408 539 467 prope
559 390 590 447 in
607 389 870 467 quingentesimum
886 411 994 449 annum

153 468 339 547 propagavit:
357 467 461 526 adduci
472 476 568 526 tamen
579 488 638 526 non
651 488 765 547 possem
776 476 810 527 ut
821 490 993 549 quemquam

153 556 300 606 mortuum
317 548 518 626 coniungerem
533 567 599 606 cum
616 549 822 608 immortalium
839 550 992 629 religione:

154 635 194 699 ut,
206 628 287 686 cuius
301 628 461 706 sepulcrum
475 647 596 706 usquam
610 635 703 686 exstet
715 628 766 687 ubi
782 637 955 708 parentetur,
967 632 994 689 ei

153 707 267 787 publice
281 707 463 786 supplicetur.
495 707 560 786 Ego
571 727 638 766 vero
649 728 712 767 eam
726 711 898 769 sententiam
909 711 995 768 dixis

154 807 212 846 sem
230 781 336 865 [patres
350 785 527 866 conscripti],
537 795 570 846 ut
582 807 630 847 me
640 789 774 848 adversus
787 790 927 868 populum
938 791 995 848 Ro-

36 917 39 926 .
153 886 280 939 manum,
292 867 317 925 si
334 868 384 945 qui
404 868 554 927 accidisset
569 869 684 947 gravior
699 870 740 928 rei
756 870 887 948 publicae
904 889 992 942 casus,

155 948 179 1005 si
195 947 310 1019 bellum,
326 947 350 1005 si
370 947 496 1020 morbus,
511 948 536 1006 si
551 950 651 1021 fames,
663 949 746 1008 facilc
766 969 881 1028 possem
897 950 995 1008 defen·

155 1027 238 1099 derc3
253 1047 326 1106 qnae
340 1028 445 1104 partim
460 1029 517 1086 iarn
529 1037 603 1101 sunt,
616 1030 721 1108 partim
731 1030 821 1088 timeo
835 1050 871 1088 ne
886 1030 995 1108 impen-

155 1107 248 1166 deant.
284 1106 342 1165 Sed
355 1107 411 1166 hoo
421 1109 574 1186 ignoscant
583 1110 613 1167 di
624 1109 799 1168 immortales
809 1109 894 1168 velim
906 1116 935 1167 ct
945 1129 995 1187 po-

36 1225 39 1232 ·
154 1187 224 1265 pulo
238 1187 378 1259 Romano,
391 1188 442 1266 qui
457 1189 489 1247 id
504 1209 563 1247 non
580 1189 691 1266 probat,
702 1196 732 1247 et
747 1188 815 1247 huic
829 1190 932 1261 ordini,
944 1191 994 1268 qui

155 1267 280 1325 decrevit
296 1267 411 1326 invitus
449 1273 495 1326 14.
507 1268 603 1338 eridl
623 1269 659 1326 de
675 1269 791 1347 reliquis
806 1270 848 1326 rei
864 1269 994 1346 publicae

154 1346 237 1406 malis
253 1347 357 1407 licetne
374 1348 485 1407 diceret
505 1348 578 1406 mihi
593 1368 661 1407 vero
677 1348 745 1406 licet
758 1356 787 1406 et
804 1368 916 1426 semper
931 1348 995 1406 lice·

154 1426 199 1485 bit
215 1426 387 1505 dignitatem
403 1429 486 1500 tueri,
497 1436 620 1486 mortem
637 1436 827 1487 contemnere.
862 1428 996 1487 Potestas

155 1506 244 1565 modo
255 1507 388 1566 veniendi
399 1509 429 1566 in
440 1509 517 1566 hunc
530 1508 626 1566 locum
637 1508 691 1566 sit:
708 1508 822 1566 dicendi
835 1507 994 1586 periculum

156 1606 214 1645 non
229 1585 335 1646 recuso.
371 1587 470 1666 Atque
480 1589 600 1660 utinam,
611 1595 706 1666 patres
716 1588 880 1666 conscripti,
892 1587 996 1645 Kalen-

156 1667 201 1725 dis
215 1666 373 1726 Sextilibus
386 1669 484 1726 adesse
498 1668 673 1746 potuisseml
690 1687 748 1726 non
760 1688 818 1747 quo
831 1667 932 1745 profici
945 1687 996 1744 po

155 1748 245 1805 tuerit
255 1748 372 1827 aliquid,
380 1749 432 1806 sed
442 1767 478 1806 ne
489 1768 563 1806 unus
572 1748 661 1806 modo
672 1747 835 1819 consularis,
844 1747 922 1826 quod
932 1755 995 1804 tum

156 1828 269 1899 accidit,
282 1827 388 1906 dignus
400 1828 450 1886 illo
464 1827 581 1900 honore,
593 1828 698 1906 dignus
714 1848 744 1886 re
760 1827 997 1906 publica-inveni*

157 1914 241 1966 retur.
277 1908 342 1977 Qua
355 1908 472 1986 quidem
486 1927 521 1966 ex
534 1927 564 1966 re
580 1926 718 1984 magnum
734 1907 844 1986 accipio
858 1907 995 1978 dolorem,

157 1987 288 2046 homines
303 1988 488 2065 'amplissimis
508 1987 609 2066 populi
625 1987 749 2054 Romani
766 1985 910 2045 beneficiis
929 2007 997 2044 usos

157 2067 188 2126 L.
201 2067 338 2126 Pisonem
354 2068 457 2126 ducem
474 2067 601 2146 optimae
617 2067 774 2125 sententiae
794 2086 854 2125 non
875 2073 996 2140 secutos

158 2147 307 2206 Idcircone
320 2166 375 2206 nos
387 2148 511 2226 populus
525 2147 672 2205 Romanus
686 2146 817 2204 consules
829 2147 908 2218 iacit,
921 2152 953 2204 ut
967 2147 997 2203 in

158 2227 297 2286 altissimo
313 2228 405 2305 gradu
422 2227 572 2306 dignitatis
592 2226 679 2284 locati
698 2245 758 2284 rem
779 2226 923 2304 publicam
944 2245 997 2304 pro

76 2301 81 2310 ’
157 2307 249 2365 nihilo
263 2307 451 2366 haberemusl
484 2307 553 2365 Non
567 2305 655 2365 modo
668 2326 738 2364 voce
754 2325 840 2365 nemo
853 2305 884 2364 L.
897 2305 998 2363 Pisoni

158 2387 321 2458 consularis,
336 2387 389 2446 sed
407 2405 445 2446 nc
460 2387 543 2445 vultu
562 2387 678 2465 quidem
699 2386 835 2444 adsensus
854 2393 906 2444 est
950 2391 996 2444 15.

159 2466 248 2539 Quae,
262 2465 388 2526 mimi
408 2474 453 2526 est
471 2467 528 2525 ista
542 2467 703 2525 voluntaria
722 2467 861 2526 servitusl
902 2465 999 2524 Fuerit
1093 2467 1099 2480 '

159 2547 299 2626 quaedam
313 2548 477 2606 necessaria
513 2547 614 2624 Neque
628 2566 682 2624 ego
695 2547 752 2604 hoc
765 2546 801 2604 ab
816 2545 949 2604 omnibus
963 2545 999 2602 iis

159 2627 298 2699 desidero,
311 2627 361 2705 qui
375 2627 546 2686 sententiam
560 2627 701 2685 consulari
714 2627 778 2684 loco
789 2626 896 2684 dicunt.
932 2624 1000 2682 Alia

159 2715 307 2766 causaest
328 2726 435 2780 eorum,
447 2726 570 2785 quorum
591 2707 704 2764 silentio
726 2707 860 2785 ignosco:
882 2705 938 2762 alia
954 2724 1000 2763 co

158 2807 232 2860 rum,
245 2807 367 2865 quorum
380 2807 480 2845 vocem
497 2787 627 2865 requiro:
650 2807 722 2865 quos
737 2786 853 2865 quidem
868 2783 951 2843 doleo
968 2785 998 2843 in

159 2868 349 2946 suspitionem
363 2867 472 2945 populo
483 2867 615 2924 Romano
625 2867 721 2925 venire
735 2886 793 2925 non
807 2865 896 2924 modo
909 2873 998 2936 metu,

160 2947 238 3025 quod
249 2948 346 3024 ipsum
356 2954 430 3005 esset
440 2955 532 3024 turpe,
541 2946 592 3004 sed
601 2946 689 3004 alium
700 2946 756 3004 alia
764 2946 799 3004 dc
808 2964 893 3004 causa
902 2944 999 3003 deesse

159 3027 295 3105 dignitati
312 3046 387 3085 suae.
422 3026 490 3086 VII.
518 3026 583 3095 Qua
598 3045 628 3084 re
645 3027 770 3104 primum
784 3025 929 3095 maximas,
939 3043 1001 3102 gra-

159 3107 214 3165 tias
234 3113 265 3165 et
284 3126 340 3184 ago
361 3113 390 3165 et
409 3105 502 3164 habeo
523 3105 632 3177 Pisoni,
649 3107 698 3185 qui
719 3125 778 3163 non
799 3105 870 3183 quid
891 3103 1000 3162 efficere

159 3194 258 3265 posset
278 3187 308 3244 in
330 3206 360 3245 re
379 3186 495 3264 publica
511 3186 657 3264 cogitavit,
672 3186 722 3244 sed
739 3185 809 3264 quid
825 3186 918 3244 facere
939 3185 1000 3261 ipso
