2262 3412
407 129 489 182 oar,
501 128 764 193 v.-V11.,sn-1a
973 131 1007 180 11

168 253 226 324 quo
239 232 366 311 primum
377 229 475 289 Gallos
489 231 526 288 ad
536 229 691 288 Gabinium
702 229 855 308 perductos
868 249 928 290 esse
942 250 1008 289 con·

169 313 270 372 stabat.
312 311 410 389 Atque
425 331 458 368 ea
470 309 587 368 lenitate
601 317 715 368 senatus
729 330 797 368 usus
810 317 861 382 est,
872 309 1005 383 Quirites,
1036 339 1042 350 ·

168 400 202 451 ut
222 413 256 450 ex
277 397 359 450 tauta
378 391 574 449 coniuratione
594 397 731 466 tantaque
751 390 804 448 hac
821 385 1012 448 multitudine

169 471 392 533 domesticorum
412 469 539 528 hostium
559 489 663 527 novem
679 469 832 528 hominum
851 470 1008 549 perditissi·
1058 487 1065 500 ·

168 571 283 610 morum
293 570 387 628 poena
400 550 555 627 republica
568 556 733 608 conservata
742 549 916 626 reliquorum
930 569 1008 608 men-

168 638 212 689 tes
226 631 319 689 sanari
332 649 416 709 posse
432 629 622 688 arbitraretur.
666 634 712 687 15.
727 629 826 707 Atque
842 629 929 688 etiam
944 649 1009 707 sup

168 710 286 790 plicatio
300 711 345 769 dis
358 709 568 768 immortalibus
578 728 630 786 pro
645 709 781 786 singulari
792 728 891 766 eorum
904 709 1008 767 merito

168 810 234 849 meo
255 791 372 848 nomine
392 790 506 848 decreta
528 796 580 860 est,
597 789 676 866 quod
695 789 769 846 mihi
792 789 918 865 primum
942 795 1010 866 post

169 870 243 928 hanc
263 870 363 930 urbem
383 870 529 936 conditvr]
547 875 647 946 togato
664 868 795 946 contigit,
807 876 836 927 et
854 869 900 926 his
915 868 1009 926 verbis

169 951 284 1008 decreta
305 957 356 1022 est,
372 967 454 1014 ouon
480 968 583 1008 1111111
607 968 771 1021 monnone,
788 967 887 1007 canon
911 967 1007 1020 11111,

170 1030 298 1090 11111111
323 1049 418 1088 nanno
443 1047 638 1108 aran—mesnil.
685 1027 764 1098 Quae
788 1029 960 1106 supplicatio
984 1027 1009 1085 si

170 1130 237 1178 cum
251 1109 351 1168 ceteris
365 1096 622 1187 supplicationibus
635 1108 806 1180 conferatur,
815 1109 871 1166 hoc
881 1109 1007 1180 interest,

172 1189 251 1268 quod
261 1196 369 1248 ceterae
382 1189 455 1248 bene
468 1189 639 1267 gestabam
649 1206 707 1245 una
720 1191 885 1246 conservata
898 1186 1010 1265 repub

171 1270 226 1328 lica
249 1269 405 1328 constituta
428 1277 479 1328 est
521 1268 620 1346 Atque
642 1267 722 1339 illud,
741 1267 820 1345 quod
840 1268 1010 1326 faciundum

171 1351 297 1427 primum
310 1349 377 1422 fuit,
389 1350 599 1426 factum-atque
612 1353 787 1406 transactum
802 1355 853 1406 est
889 1348 965 1421 Nam
975 1347 1008 1405 P.

171 1429 317 1502 Lentulus,
330 1443 503 1508 quamquam
519 1429 671 1506 patefactis
691 1427 813 1500 indiciis,
825 1428 1011 1486 confessioni-

170 1509 225 1568 bus
241 1511 307 1582 suis,
320 1510 427 1568 iudicio
441 1517 555 1567 senatus
571 1528 630 1566 nou
646 1509 735 1568 modo
749 1509 888 1586 praetoris
901 1508 953 1579 ius,
966 1527 1011 1565 ve·

171 1609 235 1648 rum
252 1591 339 1648 etiam
356 1590 425 1648 civis
441 1584 581 1660 amiserat,
593 1597 690 1650 tamen
703 1587 873 1666 magistrati
890 1607 919 1646 se
933 1587 1011 1646 abdi·

172 1671 255 1741 cavit,
267 1678 307 1742 ut,
320 1689 392 1749 quae
413 1669 513 1746 religio
534 1669 566 1726 C.
577 1669 676 1740 Mario,
689 1668 845 1726 clarissimo
865 1669 936 1739 vire,
951 1687 1011 1724 non

172 1750 342 1826 fueratque
355 1750 451 1807 minus
465 1737 710 1836 0.(111111ἶ11ῆ111
725 1768 782 1826 quo
796 1747 869 1805 nihil
882 1747 1012 1806 nomina·
1050 1792 1053 1798 ,

171 1830 226 1887 tim
243 1836 303 1887 erat
319 1830 473 1900 decretum,
485 1835 645 1905 praetorem
662 1829 812 1904 occideret,
824 1847 858 1886 ea
877 1847 930 1886 nos
949 1827 1011 1886 reli-

172 1911 258 1986 gione
272 1910 303 1967 in
316 1910 428 1986 privato
442 1909 475 1966 P.
486 1905 607 1966 Lentulo
621 1907 768 1985 puniendo
782 1907 973 1966 liberaremur.
1021 1909 1022 1912 ’

212 1988 281 2047 VIL
318 1993 363 2046 16.
387 1988 471 2045 Ν111
496 1988 640 2064 quoniam,
656 1985 789 2060 Quirites,
804 1986 1012 2046 consceleratis-

174 2067 240 2125 simi
260 2067 547 2144 periculosissimique
568 2066 636 2124 belli
657 2067 782 2125 nefarios
804 2067 891 2125 duces
912 2074 1012 2144 captos

173 2147 231 2203 iam
245 2153 274 2204 et
288 2146 508 2222 comprehensos
524 2147 636 2219 tenetis,
649 2147 811 2204 existimare
827 2146 938 2204 debetis
952 2166 1012 2204 om·

173 2245 224 2284 nes
240 2226 380 2284 Catilinae
397 2226 501 2303 copias,
517 2245 616 2283 omnes
635 2245 700 2308 spes
716 2233 801 2303 atque
818 2245 888 2317 opffi
903 2225 949 2283 his
966 2226 1013 2284 de-

173 2306 263 2385 pulsis
277 2306 355 2364 urbis
368 2305 501 2383 periculis
515 2305 680 2363 concidisse.
719 2304 812 2374 Quem
823 2300 943 2382 andem
958 2325 1012 2382 ego

174 2406 239 2444 cum
257 2405 292 2444 ex
308 2385 377 2444 urbe
391 2385 540 2463 pellebam,
552 2385 607 2442 hoo
624 2384 811 2462 providebam
827 2384 1013 2456 1111111011-

173 2466 249 2539 rites,
261 2473 373 2524 remoto
390 2465 515 2524 Catilina
529 2484 589 2523 nou
605 2464 681 2545 mihi
692 2483 753 2522 esse
767 2464 799 2522 P.
811 2463 926 2523 Lentuli
940 2484 1014 2523 som·

173 2566 243 2605 num
257 2565 310 2606 nec
324 2545 355 2604 L
364 2545 456 2604 Cassii
470 2545 568 2623 adipes
582 2564 634 2603 nec
648 2543 680 2603 C.
691 2544 813 2622 Cethegi
824 2544 962 2604 furiosam
973 2552 1014 2603 te-

173 2627 335 2684 meritatem
345 2625 609 2704 pertimescendam.
645 2624 697 2683 Π11
710 2631 770 2682 erat
781 2644 854 2682 unus
868 2625 1013 2683 timendus

174 2723 208 2764 ex
225 2707 288 2764 istis
304 2705 446 2777 omnibus,
462 2705 512 2763 sed
527 2712 588 2763 lam
604 2704 663 2776 diu,
678 2705 749 2762 dum
768 2704 847 2763 urbis
862 2705 1014 2764 moenibus

174 2769 381 2844 conliirebatur.
414 2784 520 2844 Omnia
533 2792 623 2858 norat,
636 2785 766 2842 omnium
777 2785 871 2843 aditus
882 2784 1012 2854 tenebat:

174 2866 323 2944 appellare,
334 2871 483 2943 temptare,
495 2865 646 2923 sollicitare
659 2871 780 2941 poterat,
793 2864 931 2922 audebat:
954 2870 1014 2921 erat

175 2947 201 3003 ei
216 2946 366 3006 consilium
381 2945 418 3002 ad
428 2945 540 3002 facinus
553 2952 662 3022 aptum,
677 2944 796 3002 consilio
811 2950 907 3001 autem
921 2962 1014 3019 neque

175 3024 274 3102 lingua
286 3044 379 3102 neque
392 3044 494 3082 manus
508 3025 611 3084 deerat.
654 3019 717 3081 lam
733 3023 770 3081 ad
784 3029 874 3081 certas
889 3041 934 3081 res
949 3042 1015 3080 con·

66 3105 67 3108 ’
174 3103 310 3163 ficiendas
324 3113 416 3163 certos
426 3104 559 3162 homines
572 3102 698 3162 delectos
711 3123 744 3160 ac
759 3103 917 3180 descriptos
929 3100 1015 3160 habe·

175 3183 233 3243 bat
275 3184 377 3263 Neque
390 3203 465 3258 vero,
477 3203 544 3243 cum
557 3183 667 3262 aliquid
679 3181 836 3254 mandarat,
849 3181 1013 3241 confectum
