2240 3418
129 135 178 184 190
328 132 398 183 PRO
414 133 445 195 Q.
460 131 610 183 LIGARIO
626 131 768 184 ORATIO.

169 237 192 296 I.
226 242 251 295 1.
264 235 380 295 Novum
394 237 511 309 crimen,
521 236 553 295 Ο.
561 236 672 309 Caesar,
684 244 714 295 et
727 243 793 295 ante
803 236 881 296 hunc
891 237 969 297 diem

129 337 188 375 non
209 317 339 374 auditum
356 317 536 394 propinquus
552 336 633 374 meus
649 317 686 374 ad
702 323 731 374 te
748 316 782 386 Q
792 317 906 378 Tubero
923 318 972 376 de-

129 397 204 468 tulit,
220 395 254 465 Q
267 395 413 474 Ligarium
433 397 464 453 in
481 397 582 454 Africa
601 397 698 468 fuisse,
713 396 801 474 idque
822 396 854 455 Ο.
867 397 969 469 Pansa,
985 455 991 466 ,

129 476 285 554 praestanti
295 477 339 533 vir
348 475 475 553 ingenio,
487 477 578 534 fretus
589 477 710 534 fortasse
720 476 913 535 familiaritate
928 497 969 547 ea,

131 575 203 633 quae
223 562 267 613 est
283 556 310 613 ei
326 563 430 628 tecum,
442 576 527 614 ausus
547 563 591 614 est
609 555 746 614 confiteri.
789 556 892 633 Itaque
912 575 971 633 quo

130 654 177 692 me
187 642 296 693 vertam
310 636 414 694 nescio.
450 635 658 711 Paratus'enim
669 655 810 707 veneram,
820 654 886 693 cnm
896 643 929 693 tu
939 635 972 693 id

130 734 222 807 neque
239 722 335 792 perte
352 717 438 774 scires
457 735 550 793 neque
570 715 668 773 audire
688 715 803 772 aliunde
819 715 970 792 potuisses,

130 802 163 853 ut
181 795 362 872 ignoratione
382 803 433 854 tua
452 795 490 853 ad
505 795 631 852 hominis
641 795 746 852 miseri
768 794 888 853 salutem
904 794 973 852 abu-

130 881 211 932 terer.
254 873 312 932 Sed
326 875 462 952 quoniam
479 875 630 960 diligentia
642 875 753 944 inimici
766 874 972 966 investigatum

130 961 174 1012 cst
188 953 266 1031 quod
279 953 393 1033 latebat,
406 949 601 1013 confitendum
616 955 791 1047 estopinor,
803 954 972 1030 praesertim
1007 1027 1011 1034 ι

131 1052 196 1090 cum
213 1053 294 1091 meus
310 1021 484 1092 necessarius
500 1034 595 1093 Pansa
611 1035 720 1106 fecerit,
731 1041 765 1092 ut
778 1033 815 1090 id
825 1034 971 1125 integmrn

100 1185 103 1190 .
130 1113 188 1170 iam
204 1132 264 1170 non
282 1121 364 1185 esset,
380 1114 542 1192 omissaque
558 1115 751 1172 controversia
767 1113 862 1170 omnis
879 1113 972 1170 oratio

130 1193 167 1250 ad
183 1193 407 1252 misericordiam
423 1201 504 1252 tuam
525 1193 698 1252 conferenda
716 1200 767 1264 est,
780 1212 837 1270 qua
854 1191 972 1269 plurimi
1033 1217 1046 1240 ο

130 1279 197 1330 sunt
217 1275 384 1345 conservati,
396 1293 462 1332 cum
482 1293 500 1331 a
519 1280 549 1332 te
569 1293 628 1331 non
644 1272 842 1332 liberationem
862 1271 971 1364 culpae,

130 1353 181 1410 sed
201 1353 286 1411 errati
302 1354 415 1411 veniam
431 1353 667 1446 impetravissent.
712 1359 738 1410 2.
754 1351 853 1410 Habes
872 1352 971 1428 igitur,

129 1431 243 1490 Tubero
245 1433 344 1510 ,quod
357 1440 400 1492 est
416 1433 574 1491 accusatori
589 1433 713 1490 maxime
728 1431 896 1509 optandum,
906 1451 972 1488 con-

130 1511 259 1570 fitentcm
280 1532 368 1584 reum,
381 1513 431 1571 sed
447 1520 545 1570 tamen
563 1512 619 1570 hoc
640 1511 833 1584 confitentem,
846 1523 875 1569 sa
890 1511 921 1568 in
938 1529 972 1568 ea

129 1599 210 1670 parte
226 1581 315 1650 fuisse
317 1612 394 1670 ,qua
409 1599 439 1650 te
439 1612 516 1670 ,qua
531 1592 625 1650 virum
642 1611 722 1649 omm
714 1591 823 1649 laude
839 1591 970 1668 dignum,

129 1679 240 1749 patrem
257 1679 348 1730 tuum.
390 1670 492 1750 Itaque
512 1671 591 1749 prius
612 1671 648 1729 de
664 1679 759 1730 vestro
780 1671 885 1729 delicto
905 1690 972 1728 oon-

58 1745 69 1776 '⁶
128 1751 269 1809 fiteamini
292 1770 406 1809 necesse
430 1758 482 1823 est,
500 1771 586 1829 quam
610 1750 717 1828 Ligarii
741 1751 829 1808 ullam
856 1750 971 1828 culpam

128 1830 350 1908 reprehendatis.

135 1925 137 1928 ·
169 1909 203 1978 Q
219 1911 296 1967 enim
318 1909 456 1988 Ligarius,
471 1929 537 1968 cum
558 1916 633 1968 esset
652 1909 731 1968 nulla
749 1908 818 1967 belli
839 1910 969 1987 suspitio,

128 1989 240 2067 legatus
255 1990 289 2063 in,
303 1989 434 2048 Africam
454 2009 519 2048 cum
537 1989 569 2048 O.
582 1989 721 2053 Considio
741 1990 889 2067 profectus
910 1996 969 2048 est:

129 2068 226 2147 quain
236 2069 379 2147 legatione
393 2078 423 2128 et
432 2068 543 2128 civibus
553 2076 583 2128 et
593 2070 677 2128 sociis
690 2070 732 2127 ita
745 2089 775 2127 se
785 2069 925 2146 probavit,
937 2076 971 2126 ut

129 2148 269 2207 decedens
282 2149 437 2207 Considius
451 2149 599 2228 provincia
612 2149 681 2206 satis
694 2149 788 2207 facere
803 2148 971 2212 hominibus

128 2241 187 2286 non
201 2235 307 2306 posset,
319 2229 343 2286 si
358 2249 530 2307 quemquam
545 2229 632 2286 alium
646 2229 809 2306 provinciae
819 2228 971 2305 praefecis-

129 2315 181 2366 set:
222 2307 323 2386 Itaque
340 2309 478 2402 Ligarius,
490 2328 556 2366 cum
572 2308 623 2366 diu
639 2327 771 2366 recusans
787 2307 859 2365 nihil
876 2307 971 2384 proie-

129 2388 213 2445 cisset
214 2389 410 2464 ,provinciam
424 2389 552 2482 accepit„
544 2389 666 2447 invitus.
688 2388 735 2446 cui
749 2387 788 2445 sic
798 2387 945 2478 praeiuit'
937 2406 969 2443 ιιι

128 2486 207 2544 pace,
218 2474 252 2525 ut
268 2474 298 2526 et
314 2468 422 2526 civibus
439 2475 469 2526 et
485 2469 570 2526 sociis
590 2468 752 2546 gratissima
767 2473 841 2524 esset
854 2467 915 2524 eius
928 2466 970 2522 in-

93 2617 95 2624 ,
128 2546 247 2623 tegritas
261 2566 293 2604 ac
307 2547 384 2605 fides.
424 2554 450 2606 3.
466 2547 579 2606 Bellum
595 2547 690 2606 subito
705 2546 808 2604 exarsit
809 2545 906 2623 ,quod
920 2545 969 2623 qui

129 2626 239 2683 erant
231 2645 262 2682 ιιι
286 2626 388 2684 Africa
411 2634 478 2685 ante
501 2619 653 2686 audierunt
674 2626 735 2705 geri
758 2645 845 2703 quam
865 2625 968 2703 parari.

129 2695 194 2775 Quo
213 2705 312 2763 audito
281 2708 437 2798 tpartim
459 2708 616 2784 cupiditate
634 2706 852 2800 inconsiderata,
863 2705 969 2782 partim

129 2803 213 2842 caeco
224 2784 350 2862 quodam
363 2786 467 2844 timore
477 2787 571 2863 primo
582 2773 681 2844 salutis
682 2793 768 2863 ,post
782 2785 869 2844 etiam
881 2784 969 2842 studii

130 2882 174 2920 sur
165 2863 358 2940 quaerebant
368 2864 492 2941 aliquem
503 2865 613 2936 ducem,
624 2885 690 2922 cum
701 2865 839 2942 Ligarius,
849 2863 969 2921 domum

72 2947 73 2951 ’
130 2951 268 3018 spectans,
284 2943 322 3000 ad
342 2962 408 3000 suos
428 2944 519 3001 redire
540 2944 665 3020 cupiens,
677 2943 756 3002 nullo
778 2964 807 3002 se
827 2942 970 3020 implicari

129 3021 247 3096 negotio
272 3024 371 3098 passus
395 3029 445 3092 cst.
484 3022 604 3080 Interim
628 3023 661 3080 P.
674 3023 777 3081 'Attius
800 3022 903 3093 Varus,
919 3022 970 3099 qui
1019 3021 1022 3026 ’

129 3105 244 3174 praetor
258 3099 387 3157 Africam
405 3100 575 3171 obtinuerat,
585 3101 703 3159 Uticam
717 3102 803 3159 venit
839 3101 890 3158 Ad
903 3119 970 3159 eum

131 3177 229 3234 statim
243 3196 411 3235 concursum
429 3185 479 3236 est.
522 3179 619 3256 Atque
633 3179 681 3238 ille
695 3199 754 3237 non
770 3179 909 3238 mediocri
923 3199 970 3236 cu-
