2240 3418
363 112 443 164 OAP.
459 112 797 176 xvl.-xrx‚,§4147.'
833 113 836 117 ’
908 146 913 156 -
946 116 995 166 249

152 212 384 294 quattuordecim
403 213 559 284 ordinibus,
571 233 638 272 cum
654 221 729 272 esset
746 213 810 292 lege
826 201 932 274 Roscia
949 215 996 273 de

152 293 317 352 coctoribus
337 301 432 352 certus
452 294 532 352 locus
553 288 762 372 [constitutus],
777 296 908 373 quamvis
932 295 997 372 quis
1068 315 1071 322 ·

152 374 288 432 fortunae
296 374 377 445 vitio,
385 393 445 431 non
454 393 506 431 suo
514 374 682 432 decoxisset.
714 372 995 450 Sumpsistivirilem,

153 472 241 531 quam
262 453 362 513 statim
385 452 554 511 muliebrem
575 460 675 530 togam
695 453 854 511 reddidisti.
896 453 996 512 Primo

153 532 270 609 vulgare
284 540 429 590 scortum:
450 539 528 591 certa
537 531 640 610 flagitii
654 551 769 604 mercae,
780 551 832 590 nec
846 551 880 590 ea
892 551 996 610 parva:

153 612 205 670 sed
218 613 277 670 cito
291 611 381 670 Curio
394 611 556 682 intervenit,
566 611 616 689 qui
629 619 659 669 te
672 607 864 670 a‘meretricio
877 619 997 690 quaestu

152 691 276 750 abduxit
289 699 320 750 et
332 699 481 770 tamquam
498 691 602 750 stolam
619 691 753 761 dedisset,
764 692 795 750 in
811 693 997 750 matrimonio

154 771 251 829 stabili
265 779 295 830 ct
308 779 387 830 certo
401 771 559 831 collocavit.
602 776 649 828 45.
665 771 759 830 Nemo
776 791 912 850 umquam
927 789 999 848 puer

154 858 270 929 emptus
286 851 415 910 libidinis
431 870 516 910 causa
531 858 592 908 tam
608 851 667 909 fuit
682 850 713 909 in
730 851 842 909 domini
855 857 998 929 potestate

155 950 242 1008 quam
259 939 291 990 tu
308 932 338 990 in
355 931 498 990 Curionis
540 930 681 1000 Quotiens
694 938 724 989 te
737 939 819 1008 pater
835 932 895 989 eius
908 931 997 988 domu

117 1047 121 1056 ·
155 1030 207 1068 sua
220 1011 322 1070 eiecitl
343 1011 476 1090 quotiens
489 1010 623 1069 custodes
639 1011 745 1088 posuit,
757 1030 793 1069 ne
809 1010 897 1068 limen
914 1009 999 1068 intra·

154 1091 218 1150 resi
242 1109 308 1150 cum
328 1098 362 1150 tu
384 1098 489 1163 temen,
505 1097 590 1148 nocte
615 1091 700 1162 socia,
715 1090 849 1148 hortante
869 1090 997 1161 libidine,

155 1177 277 1249 cogente
291 1170 429 1241 mercede,
441 1189 493 1247 per
505 1169 617 1247 tegulas
630 1170 820 1228 demitterere.
858 1168 938 1238 Qfiae
951 1168 1000 1226 fla·

155 1250 228 1328 gitia
251 1250 356 1308 domus
380 1249 429 1307 illa
447 1249 558 1308 diutius
577 1250 653 1308 ferre
673 1268 732 1306 non
752 1249 858 1327 potuit.
900 1248 999 1307 Scisne

156 1347 203 1388 me
230 1330 267 1388 de
294 1330 379 1388 rebus
402 1329 476 1386 mihi
500 1328 658 1386 notissimis
682 1329 797 1387 diceret
838 1328 1000 1386 Recordare

156 1415 272 1487 tempus
292 1409 372 1480 illud,
387 1427 453 1466 cum
476 1414 558 1485 pater
578 1408 667 1467 Curio
689 1427 818 1466 maerens
841 1408 951 1466 iacebat
969 1409 999 1465 in

151 1488 248 1562 lecto:
269 1487 346 1547 filius
356 1507 386 1546 se
400 1488 437 1546 ad
447 1487 536 1567 pedes
545 1506 626 1546 meos
636 1495 827 1567 prosternens,
839 1488 998 1560 lacrimans,

156 1575 186 1626 te
207 1568 279 1626 mihi
300 1567 540 1626 commendabat:
565 1566 672 1639 orabat,
687 1575 721 1625 ut
741 1575 770 1626 te
791 1575 892 1626 contra
916 1587 1000 1625 suum

157 1655 277 1724 patrem,
289 1648 313 1705 si
327 1647 490 1710 sestertium
504 1646 652 1724 sexagiens
665 1653 786 1724 peteret,
796 1647 999 1706 defenderem:

157 1733 271 1785 tantum
291 1726 368 1785 enim
388 1745 419 1784 se
439 1732 540 1804 prote
561 1727 752 1785 intercessisse
770 1727 892 1785 dicebat
934 1727 1001 1804 Ipse

157 1814 254 1865 autem
278 1825 375 1865 amore
395 1806 498 1864 ardens
517 1805 713 1877 confirmabat,
728 1806 808 1884 quod
828 1806 1001 1865 desiderium

157 1885 201 1943 tui
218 1886 332 1944 discidii
347 1886 423 1944 ferre
441 1904 500 1943 non
517 1892 622 1962 posset,
638 1904 668 1943 se
687 1887 717 1943 in
734 1886 865 1945 exsilium
883 1887 999 1944 iturum.

158 1969 206 2024 46.
222 1964 287 2034 Quo
301 1971 431 2043 tempore
447 1983 502 2042 ego
517 1971 624 2042 quauta
640 1965 716 2022 mala
729 1963 946 2024 florentissimae
960 1965 1002 2024 fa·
1107 2001 1111 2007 ·

107 2045 109 2050 ’
158 2044 255 2104 miliae
275 2045 372 2104 sedavi
388 2043 433 2102 rel
448 2044 547 2121 potius
563 2043 682 2102 sustuli!
723 2043 804 2102 Patri
820 2045 955 2123 persuasi,
968 2051 1002 2102 ut

158 2142 207 2182 aes
228 2124 353 2183 alienum
375 2123 427 2181 lilii
449 2122 635 2182 dissolveret:
663 2123 817 2181 redimeret
840 2123 1003 2181 adolescen-

158 2209 227 2274 tem,
239 2222 352 2261 summa
372 2223 422 2282 spe
443 2211 473 2261 et
492 2202 582 2260 animi
601 2209 630 2261 et
650 2202 758 2279 ingenii
775 2202 948 2280 praeditum,
960 2202 1002 2260 rei

159 2281 309 2341 familiaris
318 2282 504 2342 facultatibus
515 2300 637 2359 eumque
648 2299 707 2339 non
721 2281 810 2338 modo
821 2287 871 2338 tua
881 2281 1003 2339 familia·

159 2362 253 2434 ritate,
265 2362 413 2421 sedetiam
428 2361 629 2439 congressione
639 2361 734 2438 patrio
747 2360 809 2418 iure
820 2366 849 2418 et
859 2367 1002 2437 potestate

74 2439 76 2442 ’
103 2455 104 2460 ’
159 2441 332 2518 prohiberet
374 2441 455 2499 Haec
471 2448 504 2499 tu
521 2460 587 2498 curn
604 2459 656 2517 per
671 2459 719 2498 me
734 2446 799 2497 acta
813 2440 1001 2511 meminisses,

159 2521 216 2578 nisi
232 2521 297 2592 illis,
310 2539 382 2598 quos
396 2521 534 2590 videmus,
546 2519 649 2596 gladiis
665 2517 830 2591 confideres,
842 2519 1003 2577 maledictis

160 2619 207 2658 me
239 2619 372 2659 rovocare
382 2619 467 2658 ausus
478 2601 571 2658 essesl
601 2598 685 2656 XIX.
711 2599 757 2658 47.
768 2597 826 2656 Sed
837 2599 893 2656 iarn
905 2605 1004 2676 stupra

160 2686 191 2738 et
210 2619 321 2757 legitis
341 2680 518 2751 omittamus,
534 2685 601 2736 sunt
622 2678 771 2755 quaedam,
787 2697 859 2756 quae
883 2678 1003 2735 honeste

161 2776 220 2816 nou
240 2778 359 2836 possum
376 2759 488 2816 dicere:
512 2764 547 2816 tu
567 2764 663 2816 autem
684 2776 719 2815 eo
739 2757 863 2828 liberior,
876 2756 954 2834 quod
970 2774 1004 2813 ea

161 2837 192 2894 in
205 2845 235 2896 te
249 2839 400 2910 admisisti,
412 2857 484 2916 quae
498 2857 516 2894 a
529 2836 690 2894 verecundo
700 2837 819 2894 inimico
833 2836 930 2894 audire
944 2853 1003 2891 nou

162 2935 269 2994 posses.
311 2916 370 2975 Sed
393 2917 535 2995 reliquum
556 2916 632 2974 vitae
653 2934 766 2973 cursum
784 2916 895 2973 videte:
918 2931 1004 2992 quem

163 2996 280 3073 quidem
297 2997 425 3055 celeriter
441 2995 639 3074 perstringam.
682 2995 732 3052 Ad
748 2995 817 3053 haec
834 2995 919 3064 enim,
932 3011 1004 3069 quae

163 3076 193 3132 in
208 3077 285 3134 civili
299 3076 383 3147 bello,
396 3077 425 3133 in
440 3074 574 3132 maximis
587 3075 628 3131 rei
642 3073 772 3150 publicae
786 3073 908 3131 miseriis
923 3071 1003 3140 lecit,

163 3162 193 3213 et
211 3156 249 3213 ad
267 3171 393 3232 eaquae
410 3154 518 3213 cotidie
535 3153 615 3226 facit,
627 3152 746 3212 festinat
762 3153 882 3211 animus.
924 3149 1005 3220 Quae
