2240 3418
422 135 713 200 cnr.1.‚11.,§1-5.
940 141 989 204 roa
1054 103 1059 110 ⁸

148 240 205 298 hoc
215 245 330 316 tempus
343 257 402 295 non
417 238 454 295 sit
442 237 545 296 tandit
533 245 603 295 t.um
640 244 666 296 2.
677 237 791 296 Deinde
805 257 872 296 eum
882 257 987 316 regem,

150 339 235 398 quem
252 336 352 376 ornare
372 324 456 376 antea
472 325 575 376 cuncto
592 336 658 375 cum
675 325 775 376 senatu
792 318 917 377 solebam
935 338 988 396 pro

148 399 294 478 perpetuis
308 398 369 456 eius
379 399 409 454 in
421 404 547 455 nostram
558 397 773 475 rempublicam
784 398 902 470 meritis,
912 417 988 457 nunc

149 487 249 537 contra
268 473 478 536 atrocissimum
498 477 606 535 crimen
624 496 712 554 cogor
731 477 891 536 defendere.
933 478 989 537 Ac-

149 559 225 617 cedit
239 565 272 616 ut
285 564 482 615 accusatorum
499 557 614 614 alterins
631 556 989 629 crudelitate,alterius1n-

148 639 290 716 dignitate
307 636 466 695 conturber.
509 635 661 694 Crudelem
675 636 831 730 Castorem,
843 657 880 694 ne
894 636 988 694 dicam

149 719 315 776 sceleratum
329 725 358 776 et
369 717 499 795 impium,
510 717 559 794 qui
574 735 664 793 nepos
678 736 762 774 avum
776 717 807 774 in
821 717 923 794 capitis
933 716 989 775 dis·

148 799 256 856 crimen
270 797 422 856 adduxerit
435 796 698 888 adolescentiaeque
716 816 781 854 suae
795 797 954 854 terrorem
947 816 988 854 m·

147 878 245 936 tulerit
233 879 297 949 tei,
309 879 390 936 cuius
410 883 586 935 senectutem
605 869 679 934 tueri
698 882 727 934 et
743 883 839 969 tegere
855 875 986 948 debebat,

148 923 484 1035 commendationemque
494 956 620 1014 ineuntis
634 957 735 1014 aetatis
749 956 804 1014 ab
796 957 945 1033 impietate
959 963 988 1014 et

147 1038 184 1096 ab
201 1037 303 1096 scelere
320 1038 449 1096 duxerit:
471 1037 516 1094 avi
531 1055 651 1107 servum,
664 1042 780 1113 corrupt
781 1036 985 1113 umpraemiis,

147 1118 185 1175 ad
198 1118 388 1176 accusandum
405 1117 556 1175 dominum
570 1116 724 1194 impulerit,
737 1135 754 1173 a
766 1116 926 1194 legatorum
940 1135 988 1193 pe

147 1197 232 1255 dibus
248 1197 406 1255 abduxerit.
449 1203 475 1255 3.
492 1197 617 1274 Fugitivi
632 1203 728 1254 autem
743 1195 894 1253 dominum
908 1215 988 1252 accu-

147 1277 236 1335 santis
256 1284 286 1335 et
304 1277 455 1334 dominum
472 1276 619 1335 absentem
636 1283 665 1334 ct
681 1276 833 1334 dominum
853 1275 988 1332 amicissi-

146 1375 227 1414 mum
254 1364 368 1415 nostrae
392 1357 432 1415 rei
457 1356 587 1435 publicae
612 1375 677 1413 cum
702 1375 735 1414 os
758 1355 900 1427 videbam,
920 1374 987 1412 cum

146 1437 232 1494 verba
245 1437 404 1509 audiebam,
417 1456 476 1494 non
486 1443 547 1494 tarn
564 1435 707 1494 adflictam
722 1436 830 1514 regiam
844 1434 988 1492 condicio-

97 1520 100 1526 '
145 1535 212 1574 nem
233 1516 366 1574 dolebam
387 1535 473 1594 quam
495 1516 531 1574 de
551 1516 676 1574 fortunis
696 1515 898 1574 communibus
918 1515 988 1579 exti-

145 1596 314 1654 mescebam.
357 1596 433 1654 Nam
454 1615 520 1653 cum
536 1615 616 1654 more
636 1596 778 1653 maiomm
799 1594 835 1653 de
856 1614 937 1652 servo
956 1594 986 1651 in

146 1675 296 1734 dominum
313 1694 349 1734 ne
366 1676 517 1733 tormentis
535 1675 650 1753 quidem
668 1695 764 1753 quaeri
756 1675 890 1747 liceat,'
883 1693 912 1732 m
930 1694 987 1767 qua

146 1757 313 1833 quaestione
333 1755 416 1813 dolor
437 1756 536 1814 elicere
553 1775 649 1813 veram
665 1775 765 1836 vocem
783 1756 878 1848 possit
899 1755 986 1813 etiam

145 1835 182 1892 ab
195 1836 295 1907 invito,
311 1842 427 1893 exortus
440 1841 484 1893 est
498 1855 601 1893 servus
608 1835 666 1913 qui,
679 1824 764 1913 quem
781 1836 812 1893 in
827 1835 924 1894 eculeo
939 1854 987 1931 ap

145 1915 250 1993 pellarc
264 1935 323 1972 non
337 1922 442 1993 posset,
454 1935 520 1973 eum
529 1922 647 1981 accuset
660 1915 778 1973 solutus.

186 1994 223 2053 II.
255 2000 282 2053 4.
299 1995 452 2052 Perturbat
470 1993 570 2066 me,C.
579 1994 721 2074 Caesar,e
722 1995 793 2051 tiam
813 1993 885 2052 illud
901 1995 987 2052 inter·

145 2073 224 2146 dum,
237 2074 315 2152 quod
331 2082 428 2132 tamen
447 2093 512 2132 cum
529 2080 559 2132 te
577 2063 693 2151 peni'tus
711 2075 872 2152 recognovi,
885 2075 986 2132 timere

145 2154 262 2212 desino:
284 2173 313 2212 re
334 2155 412 2212 enim
432 2154 565 2232 iniquum
585 2161 636 2225 est,
652 2153 702 2210 sed
722 2159 773 2210 tua
793 2154 904 2230 sapient
905 2154 933 2211 ia
892 2153 987 2213 tfit

145 2235 457 2312 aequissimum-nam
478 2234 571 2292 dicere
595 2233 673 2310 apud
697 2253 763 2290 eum
789 2233 824 2291 de
849 2233 984 2305 facinore,

127 2375 131 2381 ,
145 2321 245 2372 contra
258 2315 339 2372 cuius
351 2314 438 2371 vitam
453 2313 603 2372 eonsilium
615 2313 750 2370 facinoris
761 2313 847 2370 inisse
858 2332 984 2390 arguare,

145 2413 210 2451 cum
225 2413 277 2471 per
293 2412 322 2451 se
336 2394 432 2471 ipsum
446 2393 615 2464 consideres,
627 2412 713 2470 grave
727 2399 786 2451 est:
808 2412 894 2450 nemo
908 2393 985 2450 enim

144 2475 205 2531 fere
221 2480 265 2531 est
279 2474 329 2551 qui
346 2474 390 2531 sui
404 2473 522 2551 periculi
536 2473 622 2530 iudex
637 2492 696 2530 non
710 2471 764 2530 sibi
778 2492 808 2530 se
822 2473 985 2550 aequiorem

145 2573 231 2631 quam
252 2565 301 2610 reo
321 2552 512 2630 praebeat-t
534 2552 584 2610 sed
601 2559 659 2624 tua,
671 2551 824 2624 C.ansar,
839 2559 986 2629 praestans

145 2632 352 2710 singularisque
363 2639 464 2691 natura
473 2632 550 2690 hunc
561 2632 633 2689 mihi
644 2639 753 2690 metum
768 2633 881 2690 minuit
917 2632 947 2689 N
948 2651 985 2689 on

144 2713 221 2770 enim
235 2719 295 2770 tam
310 2713 399 2770 timeo
414 2712 484 2790 quid
498 2719 530 2770 tu
548 2711 584 2769 de
600 2731 667 2790 rege
681 2711 828 2784 Deiotaro,
842 2731 927 2790 quam
944 2712 986 2768 in-

143 2792 243 2870 telligo
261 2792 331 2869 quid
346 2792 381 2850 de
395 2800 425 2850 ιθ
441 2799 550 2850 ceteros
564 2792 634 2849 velis
648 2792 781 2850 iudicare.
825 2798 851 2849 5.
867 2791 985 2848 Moveor

144 2873 231 2930 etiam
253 2871 310 2929 loci
334 2871 423 2949 ipsius
446 2871 606 2943 insolentia,
623 2871 701 2949 quod
725 2878 836 2929 tantam
860 2890 982 2942 causam,

144 2958 252 3030 quanta
267 2951 346 3009 nulla
366 2971 503 3029 umquam
525 2951 556 3008 in
576 2951 784 3029 disceptatione
800 2957 912 3008 versata
932 2957 983 3022 est,

143 3032 209 3090 dico
220 3032 296 3089 intra
309 3030 483 3089 domesticos
496 3031 626 3108 parietes,
638 3030 703 3088 dico
718 3037 797 3088 extra
810 3037 985 3088 conventum

69 3119 77 3132 '
143 3118 172 3170 ct
186 3131 250 3170 eam
266 3111 466 3189 frequentiam,
478 3111 509 3167 in
524 3130 581 3188 qua
597 3118 742 3168 oratorum
759 3109 855 3168 studia
869 3110 925 3167 niti
942 3129 985 3166 so·

143 3190 217 3250 lent:
240 3191 270 3249 in
291 3192 349 3250 tuis
370 3191 467 3264 oculis,
480 3191 509 3248 in
530 3199 582 3249 tuo
603 3211 651 3249 ore
668 3190 805 3268 vultuque
826 3190 983 3269 acquiesc0,
