2262 3412
288 557 332 622 Μ
353 557 499 622 TULLII
528 557 761 621 CICERONIS

211 711 302 791 PRO
333 714 365 789 L
392 713 603 790 llUllllllll
633 713 830 845 enarre.

354 1013 694 1065 ARGUMENTUM.

137 1109 253 1162 Comitiis
272 1111 449 1173 consularibus,
463 1126 528 1175 quae
550 1112 588 1161 M.
599 1112 688 1161 Cicero
707 1125 774 1161 anno
789 1127 814 1175 p.
825 1127 850 1162 n.
862 1127 884 1162 c.
896 1114 945 1163 691

104 1177 200 1239 habuit,
207 1177 240 1226 D.
249 1177 335 1226 Iunius
353 1177 452 1227 Silanus
468 1186 494 1226 et
507 1178 537 1226 L.
545 1177 657 1226 Licinius
671 1177 778 1226 Murena
792 1178 852 1226 facti
865 1187 943 1238 erant,

105 1243 229 1306 repulsam
249 1242 356 1290 tulerant
376 1243 406 1291 L.
418 1243 518 1303 Sergius
536 1242 645 1292 Catilina
660 1250 686 1291 et
700 1242 799 1291 Servius
813 1243 943 1306 Sulpicius,

105 1323 211 1372 quorum
223 1307 333 1356 Catilina
345 1307 369 1354 vi
383 1316 459 1370 atque
472 1307 549 1356 caede
559 1307 696 1355 vindictam
710 1307 741 1357 de
754 1299 836 1371 patria
849 1324 946 1358 sumere

106 1374 202 1434 statuit,
214 1372 338 1435 Sulpicius
351 1373 405 1420 iure
418 1372 547 1421 consultus
560 1373 614 1422 iure
626 1371 709 1435 potius
726 1387 755 1420 ac
769 1372 865 1433 legibus
878 1388 946 1422 com·

105 1439 246 1502 petitorem,
255 1437 410 1500 quincono,
419 1437 505 1485 ulcisci
514 1437 600 1486 voluit.
631 1437 678 1486 llle
689 1437 766 1498 igitur
777 1438 804 1485 in
811 1438 945 1501 perniciem

106 1519 177 1553 suam
192 1504 250 1563 ruit,
261 1502 384 1564 Sulpicius
398 1503 429 1551 L.
439 1502 571 1550 Murenam
587 1502 619 1550 de
636 1503 733 1550 ambitu
750 1505 875 1551 accusavit
888 1505 946 1552 sub-

106 1713 164 1748 enm
179 1696 289 1746 Catilina
301 1697 394 1746 bellum
408 1697 458 1744 iam
475 1703 578 1757 gereret.
615 1697 736 1746 Defendit
750 1648 883 1747 Muleuam
897 1671 947 1747 unul

107 1778 166 1813 cum
178 1763 209 1824 Q„
218 1763 353 1812 Hortensio
364 1771 390 1810 et
400 1762 438 1811 M.
445 1761 536 1810 Crasso
547 1762 583 1810 M.
594 1761 692 1822 Cicero,
701 1762 743 1825 qui
755 1763 895 1812 admirabili
906 1779 947 1812 ur-

107 1829 218 1877 banitate
234 1837 348 1876 extremo
364 1827 419 1876 loeo
438 1826 505 1875 dixit
521 1841 550 1875 ac
567 1827 700 1889 peroravit,
709 1827 767 1876 vide
784 1827 947 1885 Quinctiliani

108 1894 165 1944 inst.
180 1911 216 1942 or.
231 1893 325 1953 XI.,1‚
337 1894 374 1950 16,
388 1901 415 1940 et
430 1889 564 1940 Plutarchi
585 1891 668 1941 Vitam
685 1891 786 1942 Catonis
802 1895 908 1954 minoris,
922 1909 944 1943 c.

108 1961 148 2008 21.
184 1959 215 2008 L.
226 1958 334 2006 Murena
349 1957 477 2006 absolutus
496 1965 522 2006 et
538 1972 604 2006 anno
623 1965 679 2020 post
696 1957 783 2006 consul
800 1958 881 2007 factus
897 1966 944 2008 est.

107 2023 175 2072 Vide
188 2023 226 2071 M.
238 2023 365 2072 Ciceronis
378 2023 515 2071 orationem
532 2036 596 2085 quae
612 2030 650 2071 eat
659 2037 708 2086 pro
718 2021 750 2073 L.
759 2019 861 2086 Flacco,
871 2039 893 2074 c.
904 2026 944 2086 29,

107 2087 175 2150 §98,
186 2097 212 2138 et
223 2087 302 2138 eiusd
313 2096 420 2150 orat,e.
431 2090 471 2150 13,
482 2085 497 2147 5
508 2089 549 2138 30.

148 2221 171 2280 Ι.
209 2226 234 2280 1.
250 2220 330 2290 Quae
349 2227 482 2300 precatus
498 2240 515 2279 a
532 2221 578 2279 dis
596 2219 807 2280 immortalibus
823 2223 948 2296 111111-

108 2302 194 2374 dices,
209 2321 289 2360 more
310 2302 501 2378 institutoque
520 2301 662 2359 maiorum
683 2300 733 2358 illo
754 2301 879 2379 dieque
900 2322 948 2360 au-

108 2382 219 2461 spicato
243 2382 369 2439 comitiis
393 2380 558 2439 centuriatis
581 2379 612 2438 L
628 2379 777 2438 Murenam
801 2382 947 2440 consulem

108 2461 324 2531 renuntiarint
337 2457 371 2518 'ea
386 2479 430 2518 res
446 2460 519 2518 mihi
535 2459 603 2517 fidei
618 2460 855 2538 magistratuique
871 2481 945 2534 mee,

108 2540 217 2619 populo
232 2540 365 2617 plebique
376 2539 521 2597 Romanae
535 2540 608 2598 bene
621 2547 707 2617 atque
720 2540 843 2598 feliciter
856 2542 948 2599 eveni-

109 2628 160 2691 ret,
169 2620 269 2677 eadem
280 2639 381 2696 precor
390 2619 426 2676 ab
436 2619 538 2677 iisdem
549 2619 594 2678 dis
608 2618 818 2677 immortalibus
829 2620 866 2677 ob
877 2621 948 2678 eius

110 2700 177 2758 dem
187 2699 314 2757 hominis
324 2698 504 2756 consulatum
514 2717 572 2756 una
582 2718 647 2756 eum
658 2699 747 2757 salute
758 2699 947 2757 obtinendum

110 2788 141 2838 et
161 2786 194 2837 nt
215 2786 324 2837 vestrae
345 2785 456 2837 mentes
477 2784 563 2856 atque
584 2779 740 2837 sententiae
761 2797 826 2836 cum
847 2779 948 2856 populi

110 2859 235 2918 Romani
245 2857 442 2916 voluntatibus
456 2859 654 2936 suffragiisque
668 2859 949 2936 consentientesque

110 2959 155 2997 res
168 2939 250 2997 vobis
260 2938 426 3016 populoque
436 2937 568 2996 Romano
582 2956 690 3015 pacem,
701 2937 947 3015 tranquillitatem,

111 3019 204 3076 otium
220 3017 460 3093 concordiamque
476 3016 594 3074 adferat.
633 3015 757 3084 Quodsi
774 3016 822 3074 illa
838 3017 949 3075 sollem-

100 3099 157 3160 ,nis
173 3099 355 3156 comitiorum
372 3096 498 3173 precatio
519 3095 713 3153 consularibus
733 3096 867 3172 auspiciis
884 3116 949 3155 con·

111 3183 219 3236 saerata
233 3183 344 3234 tautam
360 3174 447 3232 habet
462 3174 493 3230 in
510 3192 540 3230 se
554 3173 612 3230 vim
629 3180 659 3230 et
674 3173 850 3250 religionem,
863 3194 949 3253 quan-
