2262 3412
141 149 158 195 6
249 147 300 196 DE
317 145 469 196 IMPERIO
487 146 542 196 CN.
556 145 709 199 POMPEII
726 147 868 198 ORATIO.

142 245 300 318 suetudine,
312 253 394 304 tanta
408 246 595 318 humanitate,
607 253 640 304 ut
656 248 678 304 ii
693 247 851 305 beatissimi
868 268 928 308 esse
941 249 983 308 vi·

142 326 270 399 deantur,
282 327 360 404 apud
374 346 446 404 quos
459 327 507 384 ille
518 325 677 384 diutissime
691 333 890 386 commoratur.

182 405 234 464 VI.
272 411 317 464 14.
334 405 398 475 Qua
410 425 440 464 rc
454 407 479 463 si
489 413 607 484 propter
620 407 713 464 socios
723 407 801 464 nulla
811 407 866 484 ipsi
877 408 981 467 iniuria

35 537 40 549 ,
141 485 265 543 lacessiti
275 486 398 543 maiores
410 487 502 543 nostri
513 505 578 543 cum
589 485 744 558 Antioche,
756 506 821 544 cum
833 486 979 568 Philippo,

142 584 208 622 cum
219 564 339 636 Aetolis,
351 585 417 623 cnm
432 565 538 622 Poenis
551 565 626 623 bella
638 573 794 642 gesserunt,
807 574 914 642 quanto
929 587 981 625 vos

142 645 238 704 studio
252 645 386 703 convenit
397 645 507 702 iniuriis
521 653 690 722 provocatos
704 645 845 702 sociorum
860 646 990 704 salutem

142 744 200 782 una
215 745 281 782 cum
296 725 410 802 imperii
423 725 510 782 vestri
524 725 665 802 dignitate
682 725 842 796 defendere,
858 745 981 802 praescr·

144 805 196 862 tim
220 824 286 861 curn
310 804 347 862 de
373 804 506 862 maximis
529 805 630 862 vestris
653 804 839 882 vectigalibus
862 806 982 882 agatur?

142 883 219 941 Nam
243 891 398 942 ceterarum
426 884 636 961 provinciarum
664 883 822 961 vectigalia,
845 883 979 956 Quirites,

142 970 223 1020 tanta
243 970 318 1035 sunt,
333 971 367 1021 ut
386 964 423 1020 iis
443 963 480 1020 ad
498 964 577 1040 ipsas
597 963 758 1040 provincias
778 964 912 1022 tutandas
932 964 980 1021 vix

143 1044 272 1100 contenti
289 1063 348 1101 esse
364 1043 515 1120 possimus,
527 1042 599 1100 Asia
614 1063 681 1100 vero
695 1049 755 1100 tam
774 1043 872 1120 opima
888 1051 930 1102 est
947 1063 980 1100 ac

142 1121 254 1194 fertilia,
266 1129 299 1180 ut
313 1129 342 1181 et
356 1123 485 1181 ubertate
499 1142 631 1200 agromm
646 1129 674 1180 et
685 1123 819 1181 varietate
832 1123 980 1181 fructuum

143 1209 172 1261 et
192 1203 391 1280 magnitudine
411 1203 550 1281 pastionis
571 1210 600 1260 et
617 1203 802 1261 multitudine
823 1223 918 1261 earum
939 1222 980 1260 re-

142 1301 215 1355 rum,
228 1302 300 1360 quae
314 1289 507 1360 exportentur,
519 1282 603 1340 facile
618 1283 751 1340 omnibus
764 1283 847 1340 terris
860 1282 980 1340 antecel-

142 1362 190 1420 lat.
226 1362 327 1440 Itaque
340 1362 410 1420 haec
424 1362 506 1419 vobis
519 1362 674 1439 provincia,
687 1361 819 1434 Quirites,
832 1363 856 1419 si
870 1369 898 1420 et
911 1361 980 1420 belli

143 1442 298 1500 utilitatem
323 1449 352 1499 et
375 1442 453 1518 pacis
473 1441 644 1518 dignitatem
669 1442 789 1499 rotinere
809 1442 902 1514 vultis,
920 1461 979 1500 non

142 1521 231 1578 modo
248 1541 265 1578 a
281 1521 450 1592 calamitate,
462 1521 512 1578 sed
528 1521 615 1578 ctiam
630 1528 739 1578 ametu
755 1521 980 1580 calamitatis-est

143 1600 331 1659 defendenda
375 1607 421 1657 15.
443 1600 519 1658 Nam
539 1600 570 1657 in
591 1601 692 1658 ceteris
712 1600 796 1658 rebus
816 1620 881 1658 cum
901 1603 980 1660 venit
1012 1661 1015 1664 ,

143 1681 297 1751 calamitas,
312 1687 375 1737 tum
396 1679 600 1738 detrimentum
622 1680 777 1758 accipitur:
800 1688 830 1738 at
846 1682 877 1738 in
894 1682 981 1739 vecti·

143 1759 255 1837 galibus
271 1779 329 1817 non
350 1759 443 1817 solnm
464 1759 603 1817 adventus
623 1760 700 1840 mali,
715 1760 765 1818 sed
783 1761 869 1818 etiam
885 1768 980 1818 metus

143 1840 204 1917 ipse
219 1839 313 1898 adfert
327 1839 525 1898 calamitatem.
568 1840 644 1898 Nam
661 1859 725 1898 cum
740 1839 867 1898 hostium
881 1841 980 1918 copiae

143 1938 202 1976 non
223 1919 308 1997 longe
328 1919 440 1990 absunt,
456 1919 543 1977 etiam
560 1920 584 1976 si
599 1920 721 1997 irruptio
737 1920 815 1978 nulla
830 1921 908 1977 facta
928 1926 978 1991 est,

143 2005 240 2056 tamen
248 2019 339 2076 pecua
348 1999 555 2076 relinquuntur,
565 2000 626 2077 agri
637 2000 747 2058 cultura
756 2000 981 2071 deseritur,xner-

144 2085 272 2136 catorum
289 2079 434 2157 navigatio
455 2080 646 2156 conquiescit:
669 2080 710 2137 ita
730 2099 821 2156 neque
841 2099 875 2136 ex
894 2086 980 2157 portu

144 2161 236 2235 neque
247 2178 281 2216 ex
295 2159 423 2216 decumis
436 2179 529 2236 neque
544 2178 577 2216 ex
592 2159 731 2236 scriptura
741 2158 860 2235 vectigal
871 2178 981 2216 conser-

144 2239 205 2294 vari
215 2245 327 2315 potest:
350 2258 407 2316 qua
419 2259 449 2297 re
463 2258 546 2316 saepe
560 2239 650 2296 totius
664 2239 730 2295 anni
744 2239 854 2294 fructus
867 2257 926 2294 uno
936 2258 981 2295 ru-

144 2337 224 2375 more
237 2318 356 2394 periculi
371 2325 457 2396 atque
470 2339 529 2376 uno
542 2318 610 2376 belli
624 2326 730 2376 terrore
744 2317 892 2374 amittitur.
933 2322 978 2375 16.

145 2396 210 2465 Quo
226 2396 343 2455 tandem
360 2398 449 2474 igitur
469 2399 566 2456 animo
587 2417 646 2455 csse
667 2396 835 2454 existimatis
855 2402 905 2452 aut
922 2416 978 2468 eos,

146 2476 196 2552 qui
212 2476 362 2554 vectigalia
382 2476 465 2534 nobis
481 2476 635 2555 pensitant,
647 2483 696 2534 aut
715 2495 772 2546 eos,
784 2476 840 2552 qui,
850 2483 981 2534 exercent

145 2563 231 2632 atqua
250 2556 376 2632 exigunt,
392 2575 457 2613 cum
477 2557 535 2614 duo
554 2576 635 2634 reges
655 2575 721 2614 cum
739 2555 871 2613 maximis
889 2557 981 2634 copiis

146 2642 265 2712 propter
288 2635 404 2692 adsintl
431 2655 497 2693 cum
521 2655 579 2693 una
601 2636 730 2694 excursio
754 2636 896 2713 equitatus
920 2655 982 2714 per·¹

145 2713 225 2772 brevi
244 2721 374 2792 tempore
398 2716 488 2774 totius
508 2716 575 2774 anni
596 2715 718 2793 vectigal
738 2717 848 2774 anferre
871 2717 982 2794 possiti

146 2813 212 2852 cum
237 2795 382 2872 publicani
404 2795 529 2853 familias
552 2797 699 2869 maximas,
720 2816 789 2874 quas
811 2797 841 2854 in
864 2797 982 2854 saltibus

145 2873 261 2947 habent,
273 2895 343 2952 quas
360 2876 389 2932 in
406 2877 489 2953 agris,
502 2896 571 2954 quas
586 2877 617 2934 in
633 2878 773 2956 portubus
790 2883 875 2954 atque
890 2883 983 2934 custo·

145 2954 209 3026 diis,
224 2974 331 3032 magno
347 2956 474 3033 periculo
495 2976 524 3014 se
542 2957 646 3016 habere
666 2957 877 3016 arbitrenturl·
897 2956 984 3014 Puta·

146 3033 221 3092 tisne
241 3055 292 3093 vos
312 3035 368 3093 illis
391 3036 475 3094 rebus
498 3037 556 3095 frui
572 3057 665 3115 posse,
681 3039 736 3095 nisi
758 3037 881 3115 eosqui
901 3036 984 3093 vobis

146 3113 254 3173 fructui
271 3122 345 3186 sunt,
360 3118 557 3175 conservaritis
576 3137 635 3175 non
657 3118 758 3187 solum,
773 3124 805 3175 ut
826 3125 892 3176 ante
914 3117 982 3188 dixi,

147 3194 315 3269 calamitate,
326 3197 375 3255 sed
386 3197 472 3256 etiam
487 3197 656 3256 calamitatis
666 3197 821 3270 fonnidine
831 3197 984 3257 liberatos?
