2240 3418
383 121 461 174 chr.
476 121 537 185 XL,
552 120 762 185 x11.,§.33-38
943 125 992 174 201

103 270 105 274 .
154 201 232 280 nunc
245 221 344 280 idem
336 242 367 280 ιιι
380 223 445 282 foro
459 223 496 282 de
510 223 629 301 optimis
642 230 672 282 et
684 223 752 282 huie
767 242 847 281 omni
838 222 993 316 'frequen-

154 303 212 359 tiae
235 302 444 395 probatissimis
467 303 612 362 fratribus.
654 303 699 362 Ut
723 302 888 361 concessisti
912 301 994 360 illum

155 382 273 453 senatui,
286 382 326 440 sie
340 381 378 439 da
387 382 464 440 hunc
477 382 594 474 populo3
605 382 686 440 cuius
695 382 873 441 voluntatem
887 383 994 440 carissi-

154 480 232 518 mam
249 479 361 539 semper
377 461 511 534 habuisti,
522 469 559 534 et,
571 481 596 519 si
587 462 657 520 'ille
678 462 739 520 dies
755 461 812 520 tibi
825 461 995 538 gloriosissi-

154 559 227 610 mus,
239 541 348 618 populo
364 540 496 598 Romano
512 542 692 618 gratissimus
707 542 773 613 fuit,
785 541 853 613 noli,
867 540 993 613 obsecro,

155 619 294 691 dubitare,
304 619 336 678 O.
345 619 456 692 Caesar,
466 620 589 678 similem
603 620 644 678 illi
657 620 765 698 gloriae
778 620 892 678 laudem
907 639 994 698 quam

155 699 319 776 saepissime
336 719 476 778 quaerere
519 700 600 757 Nihil
617 707 660 758 est
675 707 736 758 tam
752 699 889 778 populare
907 719 994 777 quam

153 778 237 836 bonit
225 785 276 850 tas,
288 779 366 837 nulla
386 779 422 837 de
438 779 592 837 virtutibus
607 780 666 837 tuis
681 779 813 857 plurimis
832 799 885 837 nec
906 779 995 837 admi-

154 857 270 915 rabilior
286 878 339 916 nee
358 859 467 936 gratior
482 859 677 917 misericordia
693 866 743 917 est.
787 865 833 917 38.
851 859 995 917 Homines

154 938 233 995 enirn
248 938 286 995 ad
302 938 372 995 deos
387 937 466 995 nulla
485 957 515 996 re
531 939 651 1017 propius
667 938 806 997 accedunt
820 957 906 1016 quam
923 938 995 995 salu·

154 1023 214 1074 tem
228 1017 394 1075 hominibus
411 1018 515 1076 dando.
551 1017 633 1076 Nihil
646 1018 735 1078 habet
747 1038 799 1076 nee
813 1020 931 1076 fortuna
944 1025 995 1076 tua

154 1097 246 1154 maius
263 1116 349 1174 qnam
369 1104 403 1155 ut
422 1097 523 1175 possis,
539 1117 591 1156 nec
611 1105 713 1156 natura
732 1098 834 1156 mehus
855 1117 941 1190 quam
961 1104 995 1156 ut

154 1175 224 1234 velis
240 1195 351 1235 servare
365 1196 451 1254 quam
465 1177 623 1255 plurimos.-
647 1177 821 1254 Longiorem
836 1178 994 1235 orationem

155 1275 240 1313 causa
252 1256 373 1314 forsitan
383 1256 555 1333 postulabat,
565 1263 616 1314 tua
626 1264 701 1315 certe
715 1264 817 1314 natura
825 1256 993 1315 breviorem.

155 1334 219 1404 Qua
235 1355 265 1394 re
281 1355 348 1393 curn
364 1335 464 1394 utilius
481 1355 541 1394 esse
557 1336 676 1394 arbitrer
692 1337 746 1394 te
738 1357 833 1414 ipsum
848 1356 933 1414 quam
948 1355 1000 1394 me*

155 1422 205 1473 aut
220 1434 392 1493 quemquam
406 1415 486 1493 loqui
502 1423 606 1486 tecum,
617 1413 727 1473 finem
719 1435 777 1472 ram
791 1416 913 1475 faciam·
933 1423 995 1474 ιιιι-

154 1493 219 1552 tum
238 1501 268 1553 te
292 1495 463 1568 admonebo,
479 1495 503 1553 si
527 1495 569 1554 illi
593 1494 705 1553 absenti
728 1495 849 1556 salutern
872 1495 993 1570 dederis,

155 1576 352 1654 praesentibus
365 1577 411 1636 his
425 1540 559 1636 orhnibus
572 1583 602 1636 te
616 1575 757 1637 daturum

313 1669 349 1724 16
