2262 3418
123 130 170 178 138
258 127 329 178 PRO
346 128 377 178 Τ.
392 126 508 178 ANNIO
526 125 672 178 MILONE.
683 126 827 178 ORATIO.

121 229 246 278 solverunt
257 228 308 276 Ill.
345 225 502 276 Videbantur
514 240 564 274 uon
575 226 704 288 ignorasse
715 226 809 276 iudices
819 228 898 278 inscio
909 229 962 278 Mi·

33 297 40 312 ·
120 295 176 342 lone
190 292 261 340 initio
273 292 428 340 vulneratum
445 306 499 340 esse
512 291 637 352 Clodium,
648 292 692 340 ssd
705 302 883 356 compererunt,
893 303 961 356 post-

121 373 197 422 quam
211 357 353 406 vulneratus
366 365 438 417 esset,
450 357 519 405 iussu
532 357 634 405 Milonis
645 357 763 407 occisum.
794 359 905 408 Fuerunt
917 361 960 422 qui

120 424 250 472 crederent
266 422 303 470 M.
315 422 418 471 Catonis
438 423 634 471 sententiosum
654 437 708 471 esse
726 422 880 472 absolutum:
899 439 960 474 nam

120 496 146 536 et
159 490 221 536 bene
234 502 292 536 cum
306 487 441 549 republica
454 495 539 536 actum
553 502 606 536 esse
620 496 701 536 morte
714 488 744 536 P.
752 487 834 536 Clodii
844 503 895 537 non
908 489 960 537 dis-

120 552 287 612 simulaverat,
298 561 323 601 et
335 552 450 600 studebat
461 553 486 600 iu
499 553 618 615 petitione
629 551 769 602 consulatus
781 553 870 601 Miloni
881 564 906 603 et
917 569 960 604 reo

120 619 241 667 adfuerat.
277 617 457 666 Nomiuaverat
470 632 569 681 quoque
586 632 643 666 eum
660 618 748 667 Cicero
762 629 917 681 praesentem
934 629 960 668 et

119 692 224 732 testatus
237 691 290 731 erat
304 683 403 730 audisse
415 697 431 730 a
444 682 482 732 M.
492 683 611 744 Favonio,
622 692 681 732 ante
692 683 757 731 diem
769 684 872 732 tertium
883 699 960 746 quum

119 748 207 796 caedes
220 749 288 797 facta
304 757 359 796 erat
372 746 489 796 Clodium
503 749 597 797 dixisse
612 749 748 811 periturum
765 759 820 798 esse
832 763 862 798 eo
876 749 960 798 triduo

105 813 248 862 Milonem.
285 813 334 863 Sed
351 811 454 860 Milonis
470 828 572 876 quoque
588 823 674 862 notam
692 813 821 862 audaciam
839 815 960 863 removeri

118 894 135 927 a
152 894 180 927 re
198 878 298 941 publica
318 877 378 927 utile
398 877 478 926 visum
496 888 549 926 est:
571 879 633 928 scire
649 889 733 927 tamen
750 893 823 928 nemo
840 894 960 942 umquam

119 943 207 1006 potuit,
220 953 303 991 utram
322 943 472 992 sententium
490 943 602 993 tulisset:
620 943 767 991 damnatum
784 952 868 993 autem
885 959 960 1007 opera

119 1008 230 1057 maxime
242 1008 318 1071 Appii
335 1008 432 1057 Claudii
448 1009 633 1071 pronuntiatum
650 1016 695 1058 est.
726 1009 789 1057 Milo
804 1018 909 1070 postero·
919 1010 960 1059 die

119 1074 199 1121 iactus
213 1089 268 1122 reus
282 1073 389 1122 ambitus
403 1073 467 1137 apud
482 1074 605 1122 Manlium
617 1075 773 1136 Torquatum
787 1075 875 1134 absens
888 1073 960 1123 dam-

119 1147 193 1186 natus
206 1147 251 1189 est.
282 1138 331 1186 Illa
339 1153 437 1201 quoque
448 1138 502 1199 lege
513 1149 642 1187 accusator
653 1139 701 1187 fuit
711 1139 764 1187 eius
775 1140 872 1202 Appius
883 1140 960 1189 Clau-

120 1204 182 1264 dius,
197 1213 222 1252 et
239 1219 297 1252 cum
319 1204 343 1252 ei
358 1205 497 1267 praemium
513 1205 567 1263 lege
583 1205 690 1264 duretur,
704 1205 805 1265 negavit
821 1221 849 1254 se
865 1220 894 1254 eo
911 1206 956 1256 uti.

119 1269 320 1332 Subscripseruut
334 1277 359 1317 et
373 1269 398 1317 in
412 1270 521 1318 ambitus
534 1269 627 1317 iudicio
640 1269 792 1318 P.Valerius
806 1271 858 1318 Leo
871 1279 895 1318 et
909 1271 956 1321 Cu.

119 1333 254 1395 Domitius,
265 1334 311 1384 Cn.
321 1334 349 1383 F.
381 1335 444 1383 Post
454 1349 546 1397 paucos
557 1335 610 1383 dies
622 1348 721 1397 quoque
731 1334 793 1382 Milo
805 1335 870 1397 apud
879 1337 960 1384 Favo-

118 1400 189 1448 nium
203 1399 370 1476 quaesitorem
383 1399 414 1448 de
431 1399 556 1448 sodaliciis
573 1400 705 1449 damnatus
721 1406 767 1459 est,
779 1409 912 1448 accusante
925 1401 956 1450 P

119 1464 190 1514 suu
183 1479 208 1512 ιο
219 1465 321 1524 Nerato,
332 1465 372 1512 cui
385 1465 438 1526 lege
449 1465 586 1528 praemium
598 1466 686 1513 datum
697 1475 743 1513 est.
780 1464 878 1514 Deinde
892 1465 959 1528 apud

119 1530 149 1579 L.
160 1529 264 1590 Fabium
282 1529 449 1606 quaesitorem
466 1530 556 1578 iterum
572 1530 661 1578 absens
675 1530 808 1578 damnatus
822 1539 860 1580 est
878 1481 925 1579 dep
924 1531 955 1580 vi.

119 1595 254 1643 Accusavit
268 1595 297 1643 1.
308 1590 455 1643 Cornificius
469 1605 494 1644 et
508 1595 538 1656 Q
549 1594 686 1645 Patulcius.
724 1594 807 1643 Milo
800 1610 826 1643 un
843 1594 958 1645 exsilium

118 1661 185 1708 untia
196 1675 356 1722 paucissimos
365 1660 417 1708 dies
426 1661 550 1722 profectus
558 1671 603 1710 est
633 1661 736 1709 Bona
715 1674 768 1709 etus
776 1661 960 1724 propteruhem

32 1779 34 1783 ¹
119 1725 184 1774 aeris
198 1725 396 1785 magnitudinem
408 1725 545 1774 semiuncia
555 1726 692 1775 venierunt.

151 1791 213 1839 Post
227 1790 347 1838 Milonem
365 1791 453 1839 eadem
465 1791 520 1851 lege
533 1791 654 1852 Pompeia
667 1791 761 1854 primus
777 1799 815 1840 est
829 1799 960 1840 accusatus

118 1855 156 1905 M.
169 1849 290 1916 Saufeius,
303 1856 339 1905 M
350 1857 379 1904 F
384 1856 446 1918 ,qui
463 1856 517 1904 dux
534 1856 635 1905 fuerat'
629 1872 653 1904 m
672 1856 840 1918 expugnantia
857 1857 961 1905 taberna

118 1921 223 1970 Bovillis
235 1929 260 1970 et
270 1921 358 1969 Clodio
369 1921 512 1971 occidendo.
541 1923 729 1971 Accusaterunt
740 1922 839 1971 eumL.
847 1921 957 1984 Cassius,

117 1987 147 2036 L.
159 1987 293 2048 Fulcinius,
305 1987 333 2036 C.
345 1988 385 2048 la,
396 1988 425 2036 C.
434 1987 566 2037 Valerius.
586 1987 751 2036 defenderunt
765 1987 801 2036 M.
811 1987 907 2049 Cicero,
919 1986 956 2037 Μ.

118 2053 226 2114 anlius,
236 2053 444 2115 obtinueruntque
456 2063 484 2101 ut
493 2069 542 2102 una
553 2053 676 2100 sententia
685 2052 859 2102 absolveretur.
892 2053 958 2102 Con-

118 2118 298 2168 demuaverunt
314 2127 440 2168 senatores
461 2119 506 2179 X.,
518 2118 676 2167 absolverunt
689 2119 783 2168 Vlll.:
808 2118 961 2167 condemna-
1035 2162 1039 2172 ,

117 2193 207 2232 verunt
221 2184 318 2248 equites
332 2185 439 2233 Romani
451 2185 509 2244 ΙΧ.,
521 2183 680 2232 absolverunt
691 2184 768 2234 VIIl.
806 2184 855 2234 Sed
869 2199 902 2232 ex
915 2185 961 2233 tri-

118 2249 190 2299 bunis
207 2251 351 2299 aerariisX.
361 2249 525 2309 absolverunt,
534 2249 581 2298 Vl.
591 2249 779 2310 damnaverunt,
789 2249 960 2299 manifestum·

118 2330 166 2378 que
179 2315 264 2364 odium
277 2315 357 2364 Clodii
368 2315 440 2364 saluti
450 2315 549 2364 Satrfeio
558 2314 612 2375 fuit,
624 2330 680 2363 cum
692 2315 746 2364 eius
757 2315 795 2364 vel
805 2315 873 2378 peior
883 2331 960 2365 causa

118 2396 194 2442 quam
209 2380 311 2429 Milonis
327 2381 414 2429 fuisset
416 2380 500 2444 ,quod
514 2389 599 2443 aperte
616 2380 668 2428 dux
685 2380 767 2429 fuerat
779 2381 960 2458 expugnandae

117 2446 243 2494 tabernae.
272 2447 400 2508 Repetitus
409 2417 563 2508 deindepost
572 2461 664 2522 paucos
675 2446 728 2495 dies
739 2447 804 2509 apud
813 2447 959 2496 Considium

118 2511 284 2586 quaesitorem
304 2520 342 2560 est
357 2511 412 2572 lege
427 2511 530 2560 Plautia
548 2510 619 2560 de'
596 2527 629 2572 vr,
644 2511 823 2574 subscriptione
839 2527 877 2574 ea,
892 2512 960 2575 quod

116 2575 173 2624 loca
184 2575 309 2638 superiora
319 2585 463 2640 occupasset
474 2585 499 2625 et
510 2591 567 2625 cum
579 2577 629 2626 telo
641 2577 742 2626 fuisset:
762 2592 822 2625 num
835 2614 841 2626 .
858 2614 864 2626 .
881 2613 887 2626 .
902 2591 959 2640 ope-

117 2656 202 2690 tarum
216 2641 325 2693 Milonis.
362 2643 550 2692 Accusaveruut
567 2642 596 2691 C.
606 2643 701 2702 Fidius,
717 2643 763 2692 Cn.
775 2643 896 2705 Aponius,
908 2643 955 2691 Cu.

118 2707 159 2768 R,
174 2707 209 2756 M.
221 2705 300 2768 Seius,
314 2707 372 2758 Sex.
380 2708 408 2755 P.
421 2725 427 2755 :
447 2707 611 2755 defenderunt
627 2707 664 2756 M.
675 2708 771 2768 Cicero,
782 2708 820 2756 M.
828 2708 959 2756 Terentius

118 2772 200 2820 Varro
212 2772 302 2822 Gibba.
335 2772 474 2822 Absolutus
485 2781 523 2821 est
535 2772 664 2821 sententiis
676 2773 772 2835 plenius
784 2788 860 2836 quam
872 2773 955 2834 prius:

118 2851 205 2896 graves
217 2837 303 2885 habuit
315 2837 401 2898 XIX„
411 2837 574 2886 absolutorias
586 2837 621 2886 11.
632 2845 658 2886 et
669 2837 754 2887 XXX.
759 2838 821 2899 ,sed
833 2853 847 2886 e
860 2847 959 2886 contra-

118 2901 156 2948 rio
171 2901 218 2950 boo
233 2917 249 2950 a
263 2903 345 2967 priore
359 2875 452 2951 iudicio
467 2902 574 2951 accidit·
593 2903 689 2964 equites
706 2905 773 2952 enim
788 2918 818 2951 ac
833 2912 959 2952 senatores

118 2981 177 3014 eum
187 2962 351 3027 absolverunt,
364 2967 457 3016 tribuni
468 2968 557 3016 aerarii
569 2969 758 3017 damnaverunt.

152 3037 210 3080 Sex.
222 3042 306 3080 autem
319 3004 430 3093 Ciodins,
442 3047 491 3095 quo
508 3043 609 3082 auctore
623 3048 711 3096 corpus
725 3033 827 3082 Clodii'
820 3048 846 3081 m
863 3032 959 3082 cumam

118 3096 215 3145 illatum
229 3097 283 3157 fuit,
294 3098 467 3146 accusantibus
480 3097 509 3147 O.
519 3098 658 3154 Caesennio
671 3098 785 3159 Philone,
799 3099 835 3148 M.
846 3099 955 3159 Aufidio,

118 3161 266 3214 defendente
277 3163 306 3210 Τ.
314 3161 454 3224 Flaccouio‚
464 3177 556 3224 magno
570 3177 690 3212 consensu
702 3163 835 3212 damnatus
847 3173 892 3224 est,
903 3178 958 3212 sen-
