2262 3418
48 65 53 80 Ι
128 118 179 168 ,120
286 115 356 166 PRO
374 115 514 166 ARCHIA
529 113 649 166 POETA
665 114 808 167 ORATIO.

129 235 258 296 persona,
274 236 346 293 quae
364 203 482 294 propter
500 216 592 274 otium
609 235 641 274 ac
658 216 785 274 studium
801 217 968 277 minime'in

129 296 243 354 iudiciis
256 295 444 373 periculisque
458 302 578 354 tractata
591 302 642 366 cst,
651 297 695 353 uti
709 315 798 373 prope
813 316 888 354 novo
900 318 968 374 quo

130 377 196 434 dam
217 382 246 433 et
265 376 402 434 inusitato
422 395 525 452 genere
542 375 663 432 dicendi.
706 381 733 433 4.
752 375 838 444 Quod
854 377 878 434 si
894 378 968 436 mihi

21 451 24 456 ¹
57 501 60 506 .
129 455 237 513 avobis
250 455 339 512 tribui
353 455 526 532 concedique
541 455 670 526 sentiam,
680 453 824 532 perficiam
835 457 967 534 profecto

129 541 162 592 ιιι
178 534 255 593 hunc
271 534 307 593 A.
323 534 466 593 Licinium
486 552 545 591 non
565 534 653 592 modo
669 553 728 592 non
749 535 966 612 segregandum,

129 634 195 672 cum
209 615 247 672 sit
260 615 337 686 civis,
350 634 367 672 a
382 623 501 672 numero
518 613 632 685 civium,
643 632 742 671 verum
759 614 855 687 etiam,
868 615 892 672 si
908 635 967 673 nou

129 701 210 766 esset,
222 694 330 772 putetis
343 694 539 752 asciscendum
552 693 649 751 fuisse.

149 841 152 848 ι
169 773 222 832 ΠΙ.
240 773 315 830 Nam
337 780 370 840 ut
389 774 516 849 primum
536 793 570 831 ex
591 773 687 850 pueris
707 773 827 831 excessit
846 772 967 832 Archias

128 859 214 931 atquc
228 853 264 910 ab
278 853 313 910 iis
327 852 443 922 artibus
455 851 557 930 quibus
566 859 648 910 aetas
661 852 778 930 puerilis
792 852 829 911 ad
838 853 967 910 humani-

129 939 218 990 tatem
234 933 384 989 informari
401 931 526 1003 solatae
542 932 580 988 ad
596 931 737 990 scribendi
754 932 881 991 studium
901 950 967 989 con·
1043 955 1046 960 ⁴

128 1011 203 1082 tulit,
221 1011 347 1087 primum
366 1011 646 1069 Antiochiae-nam
666 1011 708 1069 ibi
731 1018 816 1069 natus
839 1018 883 1070 est
902 1011 967 1070 loco

127 1090 362 1149 nobili-celebri
378 1090 523 1168 quondam
540 1090 610 1148 urbe
627 1098 656 1148 et
672 1092 788 1168 copiosa
804 1098 890 1168 atque
906 1111 967 1150 eru·
1005 1114 1009 1119 ·

129 1170 278 1228 ditissimis
296 1170 462 1228 hominibus
480 1169 740 1247 liberalissimisque
758 1170 861 1228 studiis
879 1170 967 1230 adflu-

40 1315 48 1328 ι
128 1250 196 1322 enti,
206 1249 334 1308 celeriter
347 1249 513 1308 antecellere
527 1249 661 1307 omnibus
674 1249 783 1326 ingenii
796 1251 889 1327 gloria
901 1271 967 1308 cou-

127 1330 202 1407 tigit.
252 1330 325 1388 Post
348 1330 378 1387 in
402 1330 503 1388 ceteris
525 1328 612 1388 Asiae
636 1329 765 1406 partibus
792 1337 967 1408 cunctaeque

127 1409 261 1468 Graeciae
280 1410 320 1468 sic
339 1409 399 1467 eius
416 1409 554 1466 adventus
573 1408 794 1481 celebrabantur,
809 1416 843 1466 ιιι
858 1410 966 1468 tamam

127 1489 236 1566 ingenii
260 1489 434 1566 exspectatio
457 1488 592 1560 hominia,
610 1489 853 1566 exspectationem
877 1490 967 1566 ipsius

128 1569 266 1626 adventus
277 1569 484 1644 admiratioque
499 1575 650 1646 superaret.
685 1575 710 1626 5,
726 1569 796 1626 Erat
806 1567 890 1627 Italia
902 1576 966 1628 tum

127 1648 212 1726 plena
227 1647 398 1706 Graecarum
415 1647 519 1705 artium
535 1667 568 1706 ac
584 1647 798 1725 disciplinarum
816 1649 966 1727 studiaque

126 1727 196 1786 haec
213 1729 288 1786 etin
306 1727 389 1785 Latio
406 1726 602 1785 vehementius
617 1734 681 1785 tum
697 1728 863 1786 colebantur
880 1748 966 1806 quam

127 1827 203 1865 nunc
220 1807 322 1865 iisdem
338 1807 369 1864 in
386 1807 502 1884 oppidis
521 1807 613 1866 ethic
630 1807 739 1866 Romae
755 1815 874 1886 propter
891 1817 967 1867 tran-

128 1887 298 1965 quillitatem
315 1886 503 1964 reipublicae
521 1907 581 1945 non
597 1887 822 1965 negligebantur.
864 1888 966 1967 Itaque

126 1966 203 2024 hunc
222 1974 251 2024 et
267 1967 414 2025 Tarentini
431 1974 460 2025 et
476 1967 580 2044 Regini
601 1975 630 2025 et
647 1967 830 2045 Neapolitani
850 1969 966 2028 civitate

127 2047 283 2124 ceterisque
303 2047 437 2125 praemiis
454 2047 598 2105 donarunt
617 2054 647 2105 et
666 2066 774 2120 omnes,
791 2049 840 2126 qui
857 2049 966 2126 aliquid

127 2126 163 2184 dc
179 2127 303 2203 ingeniis
319 2133 452 2204 poterant
468 2127 601 2199 iudicare,
617 2127 783 2204 cognitione
799 2135 886 2206 atque
901 2129 966 2186 hos·

126 2206 200 2284 pitio
221 2206 342 2284 dignum
363 2207 568 2265 existimarunt.
616 2207 681 2264 Hac
701 2213 783 2265 tanta
802 2207 965 2267 celebritate

47 2331 50 2334 .
126 2287 220 2344 famae
237 2306 303 2344 cum
320 2293 393 2345 esset
409 2286 467 2343 iam
486 2285 650 2344 absentibus
669 2293 763 2358 notus,
778 2286 902 2344 Romam
920 2307 966 2346 ve

126 2367 171 2423 nit
191 2365 282 2424 Mario
303 2365 418 2424 consule
442 2373 472 2424 et
492 2365 604 2424 Catulo.
646 2366 755 2424 Nactus
776 2374 819 2425 est
839 2367 965 2444 primum

126 2445 256 2504 consules
273 2465 329 2516 cos,
342 2464 464 2523 quorum
481 2446 552 2503 alter
567 2465 612 2504 res
628 2445 665 2504 ad
679 2446 861 2504 scribendum
877 2447 966 2504 maxi·

126 2543 195 2595 mas,
211 2525 282 2582 alter
298 2545 364 2583 cum
380 2544 424 2582 res
440 2531 535 2602 gestas
550 2532 614 2583 tum
630 2526 718 2584 etiam
734 2527 862 2584 studium
879 2523 965 2604 atquc

14 2615 16 2619 '
126 2623 207 2662 aures
227 2603 362 2661 adhibere
381 2611 487 2680 posset
538 2604 643 2663 Statim
663 2605 782 2677 Luculli,
801 2625 866 2664 cum
887 2625 966 2684 prae

31 2713 36 2722 ·
126 2689 252 2754 textatus
272 2683 359 2740 ctiam
382 2690 445 2740 tum
466 2682 587 2741 Archias
607 2691 689 2756 esset,
706 2705 772 2743 eum
794 2686 824 2742 in
846 2686 964 2744 domum

127 2781 207 2818 suam
219 2768 395 2838 receperunt
434 2761 492 2820 Sed
505 2764 592 2820 etiam
606 2763 662 2821 hoc
675 2783 734 2821 non
749 2765 842 2822 solum
856 2765 965 2842 ingenii

126 2859 159 2898 ac
172 2840 339 2912 litterarum,
351 2860 449 2899 verum
464 2842 550 2899 etiam
564 2849 681 2901 naturae
698 2851 784 2920 atque
798 2844 919 2914 virtutis,
932 2851 966 2902 ut

127 2919 238 2990 domus,
254 2939 326 2997 quae
344 2920 430 2978 huius
448 2920 654 2980 adolescentiae
672 2923 766 3000 prima
783 2923 849 2993 fuit,
864 2923 965 2981 eadem

126 3005 201 3056 esset
219 2999 442 3057 familiarissima
461 3001 607 3058 senectuti
651 3007 677 3059 6.
698 3001 767 3058 Erat
786 3002 966 3078 temporibus

126 3075 183 3135 illis
198 3078 340 3135 iucundus
354 3077 469 3136 Metello
483 3079 525 3135 illi
538 3078 694 3137 Numidico
709 3086 739 3137 et
752 3081 813 3138 cius
826 3080 881 3138 Pio
895 3080 965 3152 filio,

126 3156 295 3216 audiebatur
313 3176 331 3214 a
350 3158 389 3215 M.
404 3157 539 3229 Aemilio,
554 3158 668 3217 vivebat
684 3178 749 3216 cum
766 3158 800 3227 Q„
810 3159 919 3218 Catulo
936 3167 966 3218 et
