2240 3418
422 140 501 192 (ιιι.
518 136 634 204 ιι.-ιι.,
651 139 751 201 §eru
959 141 1007 190 ιιι

169 241 342 302 seenderam.
386 248 412 300 8.
425 241 557 319 Cumque
573 242 745 319 intempesta
762 260 821 300 nox
833 229 913 300 ¹esset
930 260 1008 299 man

169 323 325 400 sissemque
349 322 380 380 in
400 321 467 380 villa
490 321 524 380 P
536 320 653 393 Valenr
668 321 782 379 comitis
806 327 835 379 et
859 320 1009 379 familiaris

164 403 226 460 mei
226 401 442 480 ,postridieque
458 401 536 480 apud
556 401 690 462 eumdem
707 407 825 458 ventum
842 407 1009 478 exspectaus

168 502 312 540 manerem
314 481 494 559 ‚municipes
510 481 614 558 Regini
631 480 791 559 complures
811 481 848 538 ed
865 500 911 538 me
928 499 1009 538 vene-

168 571 243 634 runt,
259 581 293 620 ex
314 563 350 619 iis
352 561 488 656 ’quidam
508 559 604 619 Roma
623 567 766 620 recentes:
788 559 939 653 aquibus
952 561 1009 638 pri-

167 661 248 702 mum
270 642 379 720 aeeipio
401 641 439 700 M.
452 641 576 699 Antonii
596 641 760 698 contionem
762 659 854 718 ,quae
874 639 947 697 mihi
967 639 1009 698 ita

168 723 284 800 placuit,
295 729 329 780 ut
345 741 378 780 ea
397 722 472 780 leeta
487 720 523 779 de
543 720 703 778 reversione
723 720 848 798 primum
865 720 1007 796 coeperim

168 802 302 880 cogitare.
338 801 417 860 Νιι
409 808 451 860 ita
464 800 556 859 multo
567 807 634 879 pest
644 800 720 858 ediet
708 807 770 858 tum
781 799 866 858 Bruti
880 799 1008 856 adfertur

167 889 198 940 et
211 882 317 940 Cassii.
335 882 414 960 quod
428 881 545 960 quidem
559 880 640 951 mihi,
652 881 773 938 fortasse
788 879 866 957 quod
880 897 929 937 ees
943 879 1008 956 plue

168 962 256 1020 etiam
272 962 312 1020 rei
329 961 460 1056 publicae
477 981 562 1040 quem
579 924 783 1019 familiaritatis
799 959 892 1038 gratia
908 959 1007 1037 dilige,

167 1041 285 1120 plenum
300 1042 451 1119 aequitatis
461 1041 618 1101 videbatur.
654 1039 810 1098 Addebant
823 1045 1009 1117 praeterea—

168 1119 202 1180 fit
217 1122 294 1180 enim
315 1121 483 1200 plerumque
501 1123 563 1180 ut
554 1122 576 1179 ιι
577 1121 647 1199 ,qui
663 1121 733 1179 boni
754 1119 825 1199 quid
840 1119 941 1177 volunt
961 1118 1009 1178 ad-

168 1202 250 1273 ferre,
268 1201 417 1279 adfingent
438 1201 547 1280 aliquid
569 1221 626 1280 quo
648 1201 757 1259 faciant
779 1198 819 1271 id,
838 1199 916 1277 qued
938 1218 1009 1256 nun-

167 1281 250 1353 tient,
262 1281 464 1340 laetius—rem
481 1287 701 1340 conventuram:
722 1279 861 1339 Kalendis
878 1285 1008 1337 senatum

64 1431 67 1437 Ι
168 1326 347 1440 freqdentem
361 1362 441 1420 fore:
462 1361 624 1420 Antonium
626 1360 802 1438 ,repudiatis
814 1359 898 1417 malie
915 1378 1009 1418 suaso-

166 1441 255 1514 ribus,
266 1441 391 1498 remissis
407 1442 562 1519 provinciis
578 1406 686 1513 Galliis,
699 1441 736 1499 ad
751 1440 951 1500 auctoritatem
968 1458 1010 1497 ae-

167 1486 255 1579 natus²
269 1540 329 1580 esse
345 1521 512 1580 rediturum.
550 1521 654 1580 lv.e
656 1521 750 1580 ‚Tum
766 1540 834 1579 vero
847 1528 929 1579 tanta
944 1539 1009 1577 sum

168 1601 350 1679 eupiditate'
342 1619 474 1660 incensus
490 1601 526 1659 ad
546 1601 680 1674 reditum,
691 1607 725 1659 nt
740 1601 812 1658 mihi
829 1601 900 1678 nulli
915 1619 1009 1678 neque

168 1681 239 1739 remi
253 1700 345 1758 neque
359 1681 437 1740 venti
452 1681 520 1740 satis
533 1682 668 1754 facerent,
680 1700 738 1739 non
753 1700 811 1759 quo
827 1699 874 1738 me
888 1681 925 1738 ιιι
938 1687 1009 1738 tem-

168 1780 223 1839 pus
239 1779 421 1819 occursurum
442 1780 502 1819 non
522 1769 661 1840 putarem,
674 1761 725 1820 sed
743 1780 781 1819 ne
796 1760 906 1819 tardius
922 1779 1008 1838 quam

168 1859 302 1919 euperem
318 1860 359 1899 rer
350 1841 507 1918 publicae
523 1841 685 1918 gratularer.
728 1841 826 1919 Atque
843 1859 898 1918 ego
914 1840 1009 1898 celeri

103 1951 105 1956 ·
168 1927 213 1978 ter
226 1920 340 1980 Veliam
357 1921 492 1979 devectus
507 1919 632 1979 Brutum
649 1921 726 1979 vidi·
748 1927 856 1999 quante
877 1940 942 1978 meo
959 1920 1009 1978 do-

168 2001 227 2059 lore
246 2020 306 2059 non
327 2001 401 2059 dieo.
442 2000 538 2078 Turpe
558 2000 660 2058 mihi
652 2001 708 2078 rpsi
724 2000 901 2058 videbatur
893 2019 925 2057 ιιι
945 2017 1008 2058 eam

168 2081 269 2138 urbem
289 2099 335 2139 me
352 2080 455 2139 andere
475 2081 587 2153 reverti,
599 2100 633 2138 ex
651 2099 708 2159 qua
722 2078 831 2138 Brutus
847 2079 967 2152 eederet,
980 2087 1009 2138 et

168 2160 209 2218 ibi
226 2160 297 2219 velle
313 2167 378 2219 tute
395 2178 464 2233 esse,
476 2160 527 2218 ubi
543 2161 591 2218 ille
607 2179 666 2218 non
683 2155 787 2238 posset.
827 2159 927 2237 Neque
940 2178 1008 2217 vero

168 2240 250 2298 illum
264 2241 396 2299 similiter
409 2248 496 2318 atque
509 2240 571 2334 ipse
584 2259 662 2298 eram
675 2245 854 2298 commotum
868 2258 929 2297 esse
938 2239 1007 2297 vidi

169 2320 288 2379 Erectus
308 2321 386 2378 enim
406 2320 525 2379 maximi
542 2327 572 2378 et
587 2319 848 2397 pulcherrimit
788 2318 859 2378 faeti
879 2319 923 2376 sui
943 2337 1009 2376 eon-

169 2401 288 2459 seientia
303 2400 375 2459 nihil
392 2401 429 2458 de
450 2419 502 2458 sue
519 2419 594 2471 easu,
605 2399 697 2458 multa
712 2399 749 2457 de
764 2406 859 2457 vestro
876 2398 1010 2476 querebar

168 2487 223 2539 tur.
267 2486 313 2538 10.
326 2480 427 2559 Exque
443 2500 478 2539 eo
498 2481 625 2559 primurn
641 2479 764 2557 cognovi
781 2497 854 2557 quae
870 2477 1009 2536 Kalendis

169 2559 355 2619 Sextilibus
346 2580 377 2618 ιιι
400 2567 500 2619 senatu
521 2560 625 2618 fuisset
646 2559 677 2618 L.
693 2559 808 2618 Pisonis
829 2559 937 2617 oratie:
959 2558 1009 2636 qui

169 2659 342 2718 quamquam
359 2659 460 2718 pamm
475 2640 606 2698 erat-id
622 2640 700 2698 enim
716 2639 811 2718 ipsum
825 2659 843 2697 a
855 2637 949 2697 Bruto
963 2657 1010 2696 au-

169 2719 336 2777 dieram—a
353 2719 456 2798 quibus
477 2720 614 2778 debuerat
630 2719 753 2791 adiutus,
764 2727 862 2777 tamen
879 2725 909 2776 et
924 2718 1010 2776 Bruti

169 2800 233 2856 test
213 2799 435 2880 timonio-quo
452 2799 522 2877 quid
542 2805 639 2878 potest
656 2818 716 2858 esse
732 2819 846 2876 gravius
854 2800 934 2856 l-et
950 2817 1011 2855 om·

169 2879 249 2937 nium
266 2879 419 2957 praedieat'
412 2899 478 2937 rone
479 2899 571 2957 ,quos
589 2885 710 2958 postea
706 2879 773 2949 vidi,
785 2896 920 2956 magnam
937 2877 1010 2936 niihi

169 2959 320 3018 videbatur
328 2959 449 3052 glqriam
460 2966 636 3017 consecutus.
671 2958 779 3017 Hune
771 2959 861 3038 igitur
870 2965 903 3015 ut
914 2976 1011 3034 seque-
1110 2983 1116 2990 ·

68 3095 72 3104 ,
102 3081 107 3092 .
169 3057 214 3096 rer
229 3039 387 3176 properavi,
380 3058 485 3117 ,quem
502 3041 684 3133 praesentes
682 3058 740 3097 non
757 3044 825 3098 sunt
841 3039 939 3109 secuti,
951 3056 1010 3095 non

169 3126 202 3177 ut
222 3137 275 3197 pro
297 3138 389 3176 cerem
408 3118 623 3198 aliquid-nee
640 3119 717 3178 enim
738 3117 885 3197 sperabam
907 3082 939 3175 id
958 3136 1010 3176 nee

168 3205 312 3276 praestare
330 3199 554 3276 poteram-sed
569 3205 610 3272 ιιι,
626 3217 654 3258 ιι
641 3198 734 3277 quid
753 3198 825 3274 mibi
844 3197 1011 3256 humanitus
