2262 3418
360 147 439 200 car.
456 147 664 211 xxa-xxm,
680 145 695 208 ι
709 147 799 198 rs-ro.
973 116 1005 198 os

161 253 278 312 dinem:
300 249 441 310 concessit
457 258 571 309 senatus
588 251 776 328 postulationi
793 257 868 322 tuae,
881 251 930 309 sed
946 271 1005 310 non

163 334 284 392 libenter
298 332 442 389 duriorem
456 331 589 389 fortunae
603 331 750 388 communi
765 330 963 389 condicionem
976 338 1006 390 te

163 421 278 472 auctore
295 411 452 470 constituit
495 410 589 468 Morbi
606 411 783 468 excusationi
799 429 892 488 poena
908 410 1007 469 addita

19 480 23 485 ⁴
84 507 85 510 ’
164 501 223 552 est:
246 492 378 550 voluntas
398 493 508 549 offensa
527 491 693 562 multorum,
713 490 816 568 quibus
836 497 887 548 aut
907 497 1007 548 contra

164 573 335 630 valetudinis
355 571 540 630 commodum
559 569 745 628 laborandum
768 577 811 627 cst
831 577 881 627 aut
899 570 1007 628 incom-

47 678 53 686 ·
164 653 253 710 modo
271 651 365 710 morbi
383 653 470 710 etiam
489 651 575 708 ceteri
594 650 669 708 vitae
687 650 799 707 fructus
818 649 1005 727 relinquendi

165 732 242 802 Quid
256 734 341 810 ergol
360 731 429 790 haec
444 731 508 809 quis
522 731 607 789 tulitl
641 729 670 786 Is
671 730 738 808 ,qui
752 729 916 788 auctoritati
930 749 1008 788 sena-

164 819 219 886 tus,
229 813 370 871 voluntati
380 819 446 870 tuae
459 812 562 889 pamit,
572 775 714 889 deniqrie'
706 831 731 868 rs
745 809 820 882 tulit,
800 809 877 867 tcui
887 809 1007 877 minime

164 893 326 972 proderant.
368 892 429 963 Illa,
441 911 513 970 quae
526 910 591 948 mea
605 910 717 948 summa
729 855 877 948 voluritate
891 896 1006 948 senatus

164 961 299 1051 frequens
319 972 487 1050 repudiavit,
503 971 654 1028 mediocrit
642 979 686 1028 ter
706 971 853 1028 adversata
873 970 927 1028 tibi
947 989 1007 1028 esse

165 1053 326 1111 existimasi
361 1041 568 1109 Confusionem
580 1050 781 1126 suffragiorum
792 1049 936 1143 flagitasti,
946 1069 1008 1127 per-

165 1132 345 1208 rogationem
361 1131 433 1208 legis
449 1129 582 1187 Maniliae
583 1129 801 1207 ,aequationem
818 1130 934 1206 gratiae,
946 1129 1008 1206 dig-

166 1211 490 1298 nitatisfsuffragiorum.
519 1208 1007 1285 Graviterhomineshonestiatque

166 1269 205 1347 in
211 1290 270 1347 suis
283 1289 477 1347 vicinitatibus
492 1295 521 1346 et
534 1288 699 1366 municipiis
713 1287 831 1364 gratiosi
844 1288 979 1358 tulerunt,
991 1307 1009 1345 a

165 1370 217 1427 tali
237 1371 298 1427 viro
320 1389 380 1429 esse
400 1376 570 1446 pugnatum,
585 1374 619 1425 nt
639 1388 738 1426 omnes
760 1374 788 1425 et
809 1367 958 1444 dignitatis
979 1374 1016 1441 et,

166 1450 274 1527 gratiae
296 1451 401 1528 gradus
422 1449 596 1508 tollerentur.
640 1448 722 1507 Idem
746 1447 883 1506 editicios
899 1446 1008 1504 iudices

154 1470 226 1589 'essgrae
236 1529 360 1602 voluisti,
370 1536 404 1587 ut
414 1530 481 1588 odia
495 1529 643 1587 occulta
619 1529 724 1587 civium
726 1547 816 1606 ,quae
827 1527 921 1585 tacitis
932 1545 1008 1584 nunc

166 1610 316 1668 discordiis
337 1610 528 1682 continentur,
543 1611 574 1667 in
595 1610 726 1668 fortunas
747 1608 851 1686 optimi
871 1607 1008 1684 cuiusque

166 1690 354 1768 erumperent
397 1695 444 1748 48.
467 1655 546 1748 Hado
568 1691 666 1748 omnia
685 1689 740 1748 tibi
760 1688 957 1746 accusandi
931 1707 1008 1746 viam

166 1770 341 1841 muniebant,
354 1770 531 1848 adipiscendi
545 1769 756 1847 obsaepiebant.

206 1850 304 1926 Atque
323 1869 357 1906 ex
376 1850 511 1907 omnibus
526 1850 575 1907 illa
591 1850 675 1926 plaga
694 1856 737 1907 est
753 1848 858 1907 iniecta
873 1848 1008 1926 petitioni

167 1937 240 2001 tuae,
256 1949 315 1987 non
335 1937 447 1986 tacente
468 1948 523 2000 mc,
537 1930 678 1987 maxima:
701 1929 736 1986 dc
758 1948 815 2005 qua
834 1929 870 1986 ab
890 1929 1008 1987 homine

167 2009 397 2086 ingeniosissimo
419 2015 448 2066 et
468 2009 675 2086 copiosissimo,
691 2007 724 2076 Q,
737 2007 903 2080 Hortensio,
918 2009 1009 2066 multa

135 2137 137 2140 .
167 2088 333 2165 gravissime
346 2088 424 2146 dicta
438 2095 512 2146 sunt.
551 2087 616 2157 Quo
630 2088 717 2146 etiam
731 2088 804 2144 mihi
818 2087 917 2146 durior
929 2088 1009 2146 locus

168 2174 211 2226 est
225 2167 339 2225 dicendi
353 2167 445 2239 datus,
457 2175 498 2239 ut,
510 2187 576 2226 cum
592 2173 658 2225 ante
674 2187 721 2225 me
737 2175 768 2226 et
781 2167 828 2225 ille
845 2168 963 2226 dixisset
980 2174 1009 2225 et

168 2248 211 2304 vir
221 2266 333 2304 summa
343 2247 484 2324 dignitate
495 2254 524 2306 et
535 2247 685 2324 diligentia
698 2255 727 2305 et
737 2247 1007 2319 facultatedicendi,

168 2327 206 2385 M.
217 2325 342 2399 Crassus,
355 2347 409 2405 ego
423 2327 453 2384 in
468 2334 596 2385 extremo
609 2346 668 2385 non
683 2333 793 2404 partem
808 2326 933 2404 aliquam
946 2346 1010 2403 age-

168 2427 228 2465 rem
245 2427 352 2480 causae,
365 2407 416 2466 sed
429 2408 465 2465 de
481 2414 545 2465 tota
560 2425 591 2465 re
607 2407 739 2478 dicerem,
753 2405 831 2484 quod
847 2405 919 2463 mihi
934 2407 1010 2464 vide

168 2495 210 2545 ret
210 2507 252 2545 ur
294 2487 417 2564 Itaque
409 2508 439 2545 ιιι
453 2488 556 2546 iisdem
572 2487 656 2546 rebus
672 2487 732 2545 fere
750 2505 852 2558 versor,
865 2493 902 2556 et,
915 2486 1010 2562 quoad

168 2586 293 2644 possum,
311 2568 427 2639 iudices,
446 2587 563 2626 occurro
585 2573 694 2625 vestrae
718 2566 851 2624 satietati.
894 2565 1007 2624 XXIV.

168 2647 226 2705 Sed
245 2654 350 2720 tamen,
369 2613 456 2719 serii,
476 2666 561 2726 quam
582 2654 611 2706 te
632 2648 753 2705 securim
773 2655 858 2738 putas
879 2646 1009 2704 iniecisse

168 2727 302 2804 petitioni
315 2733 389 2798 tuae,
402 2747 471 2785 cum·
484 2728 624 2806 populum
642 2727 829 2786 Romanum
822 2747 852 2783 ιιι
869 2745 934 2784 eum
952 2745 1010 2783 me

167 2815 230 2864 tum
251 2772 404 2879 adduxisti,
422 2815 456 2864 ut
476 2809 687 2884 pertimesceret
707 2827 743 2865 ne
765 2806 863 2865 consul
885 2805 1010 2864 Catilina

167 2886 254 2959 fieret,
267 2887 336 2945 dum
353 2894 386 2944 tu
402 2887 612 2944 accusationem
628 2906 806 2964 comparares
815 2886 953 2978 deposita
969 2892 1010 2942 at

123 3015 130 3028 .
168 2985 222 3042 que
239 2967 350 3025 abiecta
364 2967 525 3044 petitione.
566 2972 613 3024 49.
635 2967 751 3024 Etenim
768 2975 797 3024 te
813 2965 956 3043 inquirere
969 2965 1010 3022 vi-

167 3046 282 3118 debant,
304 3047 416 3105 tristem
443 3046 547 3125 ipsum,
570 3054 694 3104 maestos
724 3046 847 3103 amicos:
881 3044 1009 3102 observa

166 3126 268 3198 tiones,
286 3125 509 3197 testificationes,
530 3126 710 3184 seductiones
734 3126 859 3196 testium,
878 3125 1009 3182 secessio·

167 3225 233 3265 nem
252 3205 477 3284 subscriptomm
498 3205 780 3264 animadvertebant:
802 3204 905 3282 quibus
924 3204 1008 3262 rebus
