2240 3418
382 104 461 174 cnr.
478 105 643 169 ιιι-ιιι,
659 104 674 166 ι
688 108 779 158 sess.
955 107 1004 157 aas

161 210 220 268 tior
232 207 385 268 hominum
399 208 553 266 memoriae
568 208 777 286 sempiternael
810 207 845 266 In
859 207 945 266 huius
958 228 1004 268 me

105 305 109 314 ’
162 297 195 349 tu
211 287 323 347 consilli
340 287 505 346 societatem
522 289 691 365 tamquam
683 308 714 346 ιιι
728 308 834 367 equum
848 288 1004 348 Troianum
1057 307 1066 324 ·

158 388 228 428 cum
255 367 434 460 principibus
458 366 598 426 includisl
643 375 689 426 33.
712 368 780 426 Nou
807 387 923 427 recuso:
948 389 1004 447 ago

162 448 249 507 etiam
265 448 380 525 gratias,
393 465 509 540 quoquo
526 448 623 505 animo
637 448 716 506 facis
759 447 834 506 Tant
822 455 852 506 ta
868 449 944 507 enim
959 468 1004 508 res
1083 511 1087 520 ,

161 535 213 600 est,
226 536 259 587 ut
275 527 414 586 invidiam
431 527 525 598 istam,
537 546 624 604 quam
638 528 713 585 tuin
731 547 778 586 me
792 529 835 585 vis
851 529 1002 602 concitare,

161 627 228 666 cum
242 607 326 665 laude
340 625 400 665 ιιοιι
414 624 587 684 comparem.
629 606 708 676 Quid
720 627 798 666 enim
812 607 923 666 beatius
937 609 1002 682 illis,
1098 663 1102 670 .

161 707 234 766 quos
254 695 287 746 tu
308 686 442 765 expulsos
463 706 482 744 a
502 696 532 744 te
554 687 700 764 praedicas
720 695 750 746 et
770 688 877 765 relegat
865 690 929 746 tosl
953 691 1004 767 qui

161 767 241 826 locus
261 775 305 826 est
318 775 373 826 aut
390 775 451 826 tam
467 765 596 825 desertus
616 774 667 825 aut
682 775 742 826 tam
763 768 937 827 inhumanus
953 770 1003 861 qui

160 848 233 920 illos,
245 867 312 907 cum
332 847 510 918 accesserint,
526 865 586 904 non
602 847 696 906 adfari
711 855 797 940 atque
814 856 947 926 appetere
963 850 1004 906 vi·
1090 893 1096 904 .

160 928 280 986 deaturl
300 929 351 1006 qui
366 927 499 985 homines
518 933 579 984 tam
600 935 725 1004 agrestes
746 929 796 1006 qui
816 947 932 999 secum
954 948 1003 987 eos

160 1008 330 1085 aspexerint,
342 1026 401 1065 ιιοιι
418 1007 577 1064 maximum
594 1008 703 1084 cepisse
717 1008 792 1065 vitae
808 1009 935 1066 fructum
952 1027 1004 1086 pu·

160 1089 242 1145 tentl
263 1107 336 1165 quae
353 1107 420 1145 vero
436 1094 497 1145 tam
514 1086 667 1144 immemor
683 1088 843 1164 posteritas,
856 1106 928 1165 quae
941 1096 1002 1146 tam

159 1166 288 1244 ingratae
314 1166 426 1225 litterae
452 1167 637 1244 reperientur,
649 1175 728 1244 'quae
755 1186 854 1224 eorum
870 1166 1002 1244 gloriam

160 1265 219 1304 non
233 1246 457 1304 immortalitatis
471 1247 610 1304 memoria
619 1247 844 1324 prosequanturl
876 1246 921 1304 Τιι
935 1267 1002 1306 vero

160 1327 268 1384 ascribe
281 1347 328 1384 me
338 1326 445 1384 talem
436 1346 467 1384 ιιι
481 1346 641 1386 numerum.
677 1326 760 1384 XIV
788 1331 834 1384 34.
847 1325 905 1384 Sed
915 1347 1002 1385 uuam

159 1423 220 1464 rem
239 1425 339 1464 vereor
359 1425 395 1464 ne
415 1425 475 1463 non
496 1395 608 1484 probes
650 1405 681 1465 Si
700 1407 779 1465 enim
799 1405 927 1476 fuissem,
942 1426 1002 1465 non

160 1483 253 1547 solum
269 1505 375 1578 regern,
387 1485 438 1544 sed
452 1486 538 1544 etiam
553 1505 674 1563 regnum
687 1485 724 1545 <le
738 1505 768 1544 re
782 1485 990 1563 publieau
911 1494 990 1544 sustu
991 1520 1003 1530 ·

159 1565 272 1624 lissem:
294 1573 339 1638 et,
344 1566 368 1622 si
383 1585 465 1624 meus
480 1566 561 1624 stilus
575 1567 622 1624 ille
636 1567 747 1637 fuisset,
758 1573 791 1625 ut
805 1565 918 1638 dicitur,
928 1565 1002 1624 mihi

160 1646 250 1718 crede,
266 1665 325 1703 nou
346 1645 439 1704 solum
460 1665 549 1704 unum
571 1666 603 1704 ac
604 1653 675 1718 tum,
691 1646 742 1704 sed
759 1653 852 1705 totam
873 1645 1002 1705 fabulam

136 1726 354 1784 confecissem.
397 1725 578 1804 Quamquam
599 1727 623 1784 si
644 1725 766 1795 interfici
782 1726 932 1794 Caesarem
954 1747 1002 1784 vo-

159 1804 245 1863 luisse
264 1805 372 1863 crimen
391 1813 442 1877 est,
455 1806 519 1863 vide
521 1817 653 1884 „quaeso
666 1807 777 1864 Antoni
779 1805 870 1885 ,quid
886 1805 941 1866 tibi
957 1807 1002 1864 fu-

159 1891 257 1943 turum
274 1885 312 1942 sit
312 1903 418 1962 ,quern
435 1893 465 1943 et
481 1885 616 1943 Narbone
636 1885 692 1944 hoc
711 1886 862 1945 consilium
883 1885 999 1945 cumO.

159 1963 303 2040 Trebonio
322 1965 430 2042 cepisse
446 1965 629 2023 notissimum
650 1973 694 2023 est
710 1973 753 2023 et·
757 1966 835 2023 ob
811 1986 873 2024 erus
888 1965 1001 2024 consilii

55 2049 58 2055 '
159 2033 333 2116 societatem,
344 2063 410 2102 cum
420 2044 625 2104 interficeretur
634 2044 744 2116 Caesar,
754 2053 818 2103 tum
829 2052 858 2103 te
868 2064 886 2103 a
895 2044 1002 2103 Trebo-

159 2124 209 2182 nio
219 2089 343 2182 vidimu’s
354 2143 487 2182 sevocata
520 2124 583 2202 Ego
594 2130 643 2182 aut
631 2125 833 2183 tem—vide
807 2143 894 2216 quam
904 2131 1000 2182 tecum

161 2222 245 2280 agam
259 2223 317 2261 non
333 2204 449 2263 inimice
459 2203 586 2282 l-quod
599 2203 683 2262 bene
689 2204 822 2282 cogitasti
836 2203 999 2282 aliquando,

160 2283 264 2342 laudo:
290 2283 369 2362 quod
389 2302 448 2342 ιιοιι
468 2284 607 2342 indicasti·
602 2283 727 2360 ,gratias
748 2302 819 2360 ago:
842 2283 920 2361 quod
940 2303 1000 2342 non

159 2363 398 2440 fecist1,1gn0sco
428 2364 533 2422 Virum
547 2383 591 2421 res
604 2364 654 2421 1lla
664 2364 824 2441 quaerebat
857 2370 903 2422 35.
914 2345 1000 2432 Quod

159 2443 184 2500 si
197 2443 254 2501 te
241 2463 272 2501 ιιι
286 2443 424 2502 iudicium
439 2443 504 2521 quis
519 2443 644 2502 adducat
657 2452 832 2522 usurpetque
849 2443 920 2501 illud
933 2443 1001 2501 (las-
1043 2470 1046 2475 ·

159 2523 280 2594 sianum,
293 2542 345 2581 cur
368 2517 448 2582 nouo
470 2524 799 2602 ruuarr,v1de,quaeso
814 2542 851 2581 ne
874 2523 998 2582 haereas.

159 2567 342 2680 Quamquam
353 2603 424 2662 illud
434 2603 551 2681 quidem
562 2603 627 2674 fuit,
607 2609 671 2662 tut
684 2611 717 2662 tu
731 2603 853 2674 dicebas,
866 2603 1000 2661 omnibus

160 2681 238 2740 bono
239 2682 309 2760 ,qui
322 2684 427 2742 servire
441 2682 585 2755 nolebant,
597 2647 651 2742 tibi
665 2690 761 2742 tamen
778 2683 937 2761 praecipue,
950 2683 999 2760 qui

127 2783 141 2794 ·
160 2781 220 2820 non
233 2762 323 2820 modo
339 2782 399 2820 non
415 2758 1000 2840 servis‚ssdetiamregi1as,quimaxim0

158 2848 188 2900 te
202 2861 265 2900 aere
278 2841 371 2900 alieno
384 2841 423 2900 ad
438 2842 538 2901 aedem
551 2840 624 2919 Opis
637 2842 791 2902 liberavisti
793 2842 861 2920 ,qui
875 2861 926 2920 per
942 2861 1000 2900 eas

158 2921 225 2980 dem
236 2921 348 2982 tabulas
354 2916 598 2980 innumerabilem
609 2923 759 2999 pecuniam
770 2922 952 2999 dissipavisti,
962 2921 1000 2980 ad

180 3021 246 3058 uem
263 3021 279 3059 e
295 3001 384 3061 domo
398 3001 526 3062 Caesaris
542 3007 602 3059 tam
619 3001 711 3060 multa
724 3001 818 3062 delata
831 3009 906 3072 sunt,
918 3002 1000 3061 cuius

88 3115 96 3127 ·
158 3019 352 3140 leniit
253 3088 352 3158 quaest
353 3081 505 3146 uosissima
518 3087 561 3138 est
574 3080 714 3140 falsorum
727 3081 999 3140 commentariorum

141 3165 189 3226 et
198 3159 457 3240 eusograpueum
471 3159 593 3234 officina,
602 3179 745 3241 agrorum,
756 3160 938 3242 oppidorum,
948 3162 1001 3229 im:
