2240 3418
136 129 185 185 ros
282 134 352 185 rao
369 123 464 184 nucu
481 119 666 184 narorxao
682 131 824 183 casuro.

137 255 199 294 cem
216 235 397 294 subornavit:
419 235 509 313 linget
525 235 657 293 videlicet
674 234 790 313 aliquod
807 234 915 292 crimen
931 237 978 294 ve-'

136 317 212 374 neni.
254 316 317 374 Etsi
337 335 355 373 a
375 315 493 373 veritate
509 315 603 392 longe,
615 321 712 372 tamen
733 333 750 371 a
770 315 977 374 consuetudine

137 395 308 453 criminandi
328 414 387 453 non
405 395 530 452 multum
550 414 595 452 res
615 394 793 453 abhorrebat.
837 400 883 452 18.
899 393 978 463 Quid

137 475 178 532 ait
196 474 342 533 medicus?
381 474 462 531 Nihil
478 474 515 532 de
531 488 649 532 veneno.
690 473 733 531 At
749 474 781 532 id
796 473 858 532 fieri
876 476 975 552 potuit

137 555 263 632 primum
288 553 426 612 occultius
449 554 480 610 iu
504 554 622 631 potione
646 553 691 611 vel
714 553 744 610 in
765 553 847 611 cibo:
873 554 978 612 deinde

138 634 225 692 etiam
239 634 385 711 impunius
401 632 442 704 fit,
453 633 531 711 quod
545 652 611 690 curu
626 633 800 705 estfactum,
813 633 911 710 negari
926 652 979 710 po-
1064 689 1068 696 ,

137 720 201 773 test.
244 712 276 770 Si
292 713 386 791 palam
405 720 434 771 te
453 713 650 784 interemisset,
664 713 793 770 omniurn
812 713 842 770 in
861 733 891 770 se
910 733 979 790 gen-

137 794 211 851 tium
228 812 287 850 non
308 792 400 850 solum
418 791 492 864 odia,
504 792 656 850 sedetiam
678 811 756 850 arma
773 793 978 850 convertisset:
996 793 999 800 '

95 885 100 896 ’
138 873 163 929 si
173 891 291 944 veneno,
300 872 377 929 Iovis
391 871 467 929 illius
481 871 597 949 quidem
612 872 762 950 hospitalis
775 890 882 930 numen
895 891 979 930 num·

139 970 224 1028 quam
254 952 343 1010 celare
371 952 520 1028 potuisset,
542 951 674 1009 homines
700 951 821 1010 fortasse
850 951 977 1010 celasset.

139 1030 225 1100 Quod
246 1031 334 1108 igitur
356 1039 386 1090 et
407 1032 503 1089 conari
525 1031 665 1089 occultius
686 1038 715 1089 et
737 1030 846 1088 efficere
867 1032 979 1088 cautius

138 1112 243 1188 potuit,
255 1111 286 1169 id
299 1111 361 1183 tibi,
372 1118 401 1169 et
413 1110 526 1169 medico
541 1111 643 1169 callido
657 1117 687 1168 et
701 1131 789 1183 servo,
801 1117 834 1169 ut
848 1110 977 1188 putabat,

139 1191 224 1264 fideli,
240 1211 298 1248 non
320 1191 457 1249 credidit:
481 1191 517 1249 de
537 1191 631 1262 armis,
652 1191 688 1248 de
708 1191 794 1263 ferro,
809 1190 845 1248 de
866 1191 979 1248 insidiis

139 1271 229 1329 celare
245 1277 274 1329 te
290 1271 402 1330 noluit?
443 1275 488 1328 19.
504 1271 546 1328 At
563 1290 648 1348 quam
665 1271 767 1328 festive
788 1271 896 1328 crimen
913 1289 980 1328 eon·

138 1351 261 1409 texitur!
302 1351 365 1408 Tua
380 1356 417 1422 te,
429 1351 532 1427 inquit,
544 1351 652 1422 eadem,
665 1369 737 1427 quae
758 1368 849 1427 saepe,
861 1349 980 1408 fortuna

139 1431 277 1488 servavit:
297 1431 438 1507 negavisti
448 1437 511 1488 tum
522 1437 551 1487 te
561 1430 700 1506 inspicere
710 1429 789 1487 velle.
822 1428 890 1488 VII.
901 1429 979 1497 Quid

139 1512 257 1588 posteat
277 1529 313 1568 an
327 1510 481 1567 Deiotarus
497 1529 554 1582 rex,
566 1509 616 1566 illo
629 1515 759 1586 tempore
775 1527 834 1566 uon
850 1509 980 1586 perfecta

139 1610 178 1661 re,
196 1590 333 1648 continuo
355 1589 465 1648 dimisit
486 1589 661 1647 exercitum?
694 1589 798 1647 Nullus
822 1595 883 1646 erat
906 1588 979 1646 alius

139 1669 294 1727 insidiandi
310 1669 408 1727 locust
447 1669 490 1727 At
506 1669 607 1727 eodem
624 1677 662 1740 te,
674 1689 740 1726 curn
761 1669 926 1740 cenavisses,
938 1688 980 1726 re

139 1749 267 1807 diturum
280 1749 407 1820 dixeras,
425 1749 522 1826 itaque
542 1749 644 1806 fecisti.
687 1748 798 1805 Horam
819 1767 906 1805 unam
928 1754 979 1805 aut

139 1829 211 1886 duas
231 1828 332 1886 eodem
353 1829 417 1886 loc'o
435 1835 568 1900 armatos,
580 1835 613 1886 ut
629 1827 760 1886 collocati
779 1828 901 1899 fuerant,
913 1828 979 1884 reti-

102 1931 105 1938 ·
139 1927 206 1966 nere
227 1927 364 1985 magnum
386 1908 473 1966 fuiti.
503 1907 578 1966 Cum
601 1908 633 1965 in
654 1908 785 1965 convivio
806 1907 928 1965 comiter
949 1914 979 1965 et

139 1987 262 2046 iucunde
278 1987 390 2060 fuisses,
405 1994 468 2045 tum
488 1987 555 2045 illuc
576 1987 633 2059 isti,
647 1993 681 2044 ut
701 1987 819 2045 dixeras.
861 1986 926 2055 Quo
947 1987 978 2043 in

139 2067 204 2126 loco
220 2067 390 2126 Deiotarum
406 2067 493 2126 talem
510 2086 578 2144 erga
590 2073 620 2124 te
636 2067 805 2144 cognovisti,
817 2066 908 2144 qualis
928 2085 978 2122 rex
1038 2110 1047 2126 .

139 2147 256 2206 Attalus
276 2148 307 2204 in
326 2147 359 2205 P.
369 2147 540 2204 Africanum
557 2146 681 2218 faltoni
697 2145 979 2224 magnificentissima

140 2227 275 2300 donant
303 2227 440 2324 scripturn
468 2226 598 2304 legimus,
616 2245 705 2303 usque
730 2225 766 2283 ad
790 2226 978 2283 Numantiam
1024 2283 1027 2290 ,
1116 2251 1118 2264 ·

139 2308 219 2365 misit
239 2327 274 2365 cx
294 2307 372 2378 Asia,
388 2313 460 2384 quae
480 2306 635 2364 Africanus
655 2306 832 2382 inspectante
853 2306 978 2362 exercitu

140 2387 257 2465 accepit
292 2386 378 2455 Quod
389 2405 455 2444 curu
469 2405 601 2479 praesens
615 2385 768 2442 Deiotarus
782 2385 861 2463 regio
876 2391 905 2442 et
918 2385 978 2442 ani-

140 2485 189 2522 mo
204 2471 241 2524 et
246 2485 325 2523 more
339 2466 461 2538 fecisset,
471 2466 547 2524 tu1n
558 2464 721 2522 cubiculum
731 2464 892 2522 discessisti.
929 2470 976 2522 20.

140 2545 275 2617 Obsecro,
290 2545 401 2618 Cacsar,
418 2553 515 2624 repete
538 2545 615 2603 illius
637 2543 776 2622 tem'poris
800 2544 977 2616 memoriam,

140 2644 216 2702 pone
233 2625 313 2682 illum
331 2632 396 2683 ante
413 2625 510 2682 oculos
524 2625 608 2697 diem,
620 2624 715 2682 vultus
729 2624 880 2684 hominurn
894 2623 944 2681 te
937 2642 980 2680 rn-

139 2705 284 2762 tuentium
301 2710 386 2781 aque
400 2705 602 2762 admirantium
617 2705 770 2762 recordare.
813 2703 979 2796 Numquae

141 2784 314 2861 trepidatiol
337 2802 407 2839 nunr
425 2785 503 2860 quit
491 2785 649 2841 tumultusi
673 2802 743 2840 num
761 2783 875 2860 quid
847 2783 902 2840 nrsi
917 2801 981 2839 mo-

142 2863 247 2934 derate,
259 2862 315 2919 nisi
327 2863 429 2938 quiete,
441 2863 497 2920 nisi
507 2883 541 2920 ex
551 2863 677 2921 hominis
687 2863 848 2940 gravissimi
862 2869 891 2922 et
901 2881 981 2918 sanc-

141 2947 246 2998 trssrmr
270 2940 443 3018 discrplrna't
480 2941 557 3010 Quid
580 2943 669 3019 igitur
695 2961 795 3001 causae
823 2941 981 3019 excogitari

142 3026 239 3097 potest
255 3039 306 3076 eur
320 3025 350 3075 te
368 3019 410 3076 lot
398 3026 460 3077 tum
477 3021 605 3092 voluerit,
618 3028 750 3079 cenatum
766 3021 891 3080 noluerit
908 3021 983 3078 occi-

143 3099 228 3156 derei
263 3097 356 3155 culn
386 3105 509 3156 osterum
512 3100 631 3177 ,inquit
642 3101 719 3159 diem
730 3101 850 3172 distulit,
862 3107 903 3172 ut,
913 3120 982 3158 cum

143 3176 175 3234 in
191 3176 337 3235 castellum
373 3177 456 3236 eium
474 3184 590 3239 ventum
607 3187 690 3254 esset,
700 3180 743 3238 ibi
759 3181 886 3260 cogitata
899 3179 990 3260 perfl
