2262 3412
109 130 143 179 58
267 128 308 178 IN
325 123 724 178 1111111111οΜΉο
740 125 793 176 HL

110 230 151 287 eis
155 247 330 304 propraetor,
340 235 367 286 et
376 227 439 284 vida
449 227 522 301 qaid
531 227 591 284 iam
607 226 658 284 tibi
671 225 710 283 ait
722 243 833 299 (1111111,
843 233 870 284 ct
880 245 950 285 cura

110 317 145 365 ct
160 309 288 366 omnium
307 308 357 366 tibi
374 306 487 365 casilia
502 307 654 379 odiuayae,
669 306 755 364 etiam
771 305 949 380 infimorum.

111 388 251 447 Gabinius
271 387 375 446 deinde
395 386 584 458 introductus,
600 404 665 443 cum
686 385 781 463 primo
801 385 952 463 impuden-

111 475 156 526 ter
174 467 345 544 respondere
366 467 514 544 coepisset,
529 465 566 523 ad
586 472 745 523 extremum
766 465 838 522 nihil
852 484 887 523 ex
905 465 949 538 iis,

113 567 185 625 quae
198 546 273 604 Galli
288 545 499 618 insimulabant,
511 545 635 623 negavit
678 549 724 602 13.
739 544 785 602 Ao
801 544 874 602 mihi
891 545 952 622 qui·

112 627 187 698 dem,
205 625 339 698 Quirites,
357 645 423 684 cum
445 625 494 683 illa
517 625 675 683 certissima
695 624 756 682 visa
780 631 847 682 sunt
870 643 952 701 argu·

112 714 210 765 menta
226 713 312 784 atque
328 705 435 764 indicia
455 705 576 776 sceleris,
591 703 719 776 tabellae,
735 704 824 781 signa,
839 722 949 776 manus,

113 787 236 865 denique
250 785 334 844 unius
348 785 484 862 cuiusque
498 785 641 842 confessio
655 790 718 842 tum
728 783 820 841 multo
831 783 952 841 certiora

112 866 169 938 illa,
184 865 270 938 color,
286 865 369 937 oculi,
385 864 488 936 vultus,
504 864 690 922 tacitnmitas
732 862 780 921 Sic
801 863 879 921 enim
903 862 952 920 ob

113 946 280 1023 stipuerant,
302 945 343 1003 sic
363 951 468 1002 terram
491 943 684 1016 intuebantur,
702 943 742 1001 sic
766 942 868 1001 furtim
891 961 951 999 non
980 935 983 942 ’

113 1044 271 1103 numquam
291 1024 366 1082 inter
386 1043 416 1083 se
436 1023 620 1101 aspiciebant,
633 1029 666 1081 ut
681 1042 741 1081 non
757 1022 815 1082 iam
831 1022 868 1082 ab
888 1022 952 1080 aliis

112 1105 241 1176 indicari,
254 1104 305 1163 sed
317 1104 443 1162 indicare
457 1123 487 1162 se
500 1103 556 1180 ipsi
569 1103 740 1162 viderentur.

153 1184 206 1244 VI.
224 1184 343 1242 Iudiciis
359 1183 497 1262 expositis
514 1190 600 1260 atque
616 1182 710 1254 editis,
725 1181 859 1255 Quirites,
875 1201 953 1240 sena-

112 1271 176 1323 tum
193 1264 323 1322 consului
339 1263 376 1322 de
393 1283 550 1321 summare
567 1262 683 1340 publica
699 1262 770 1340 quid
785 1261 846 1320 fieri
862 1262 953 1339 place

70 1394 71 1397 ,
114 1351 164 1403 ret
200 1343 303 1402 Dictae
317 1351 385 1402 sunt
398 1363 416 1401 a
428 1343 607 1422 principibus
621 1342 772 1400 acerrimae
786 1361 819 1399 ac
832 1341 954 1400 fortissi-

113 1444 177 1482 mae
198 1423 362 1495 sententiae,
375 1443 445 1500 quas
465 1429 580 1480 senatus
600 1422 661 1478 sine
681 1421 739 1479 ulla
754 1420 889 1479 varietate
909 1429 953 1480 est

114 1509 234 1562 secutus.
270 1503 308 1561 Et
322 1502 457 1580 quoniam
471 1502 602 1559 nondum
616 1508 659 1559 est
672 1501 862 1579 perscriptum
876 1521 954 1559 sena-

113 1591 161 1642 tus
179 1581 350 1654 consultum,
366 1601 401 1640 ex
416 1581 556 1639 memoria
571 1580 661 1652 vobis,
677 1579 810 1652 Quirites,
827 1581 897 1659 quid
913 1601 954 1639 se·

114 1670 198 1721 natus
212 1662 353 1720 censuerit
366 1680 515 1739 exponam.
553 1666 598 1719 14.
613 1661 745 1719 Primum
759 1660 832 1718 mihi
846 1661 954 1743 gratiae

114 1743 208 1801 verbis
228 1735 411 1818 amplissimis
435 1760 511 1818 agun
525 1760 568 1812 ur,
591 1741 805 1818 quodvirtutc,
824 1741 952 1813 consilio,
1005 1774 1009 1791 ι

114 1821 296 1900 providentia
311 1840 376 1878 mea
391 1839 436 1878 res
449 1820 564 1898 publica
577 1820 711 1877 maximis
724 1820 858 1898 periculis
872 1821 955 1900 11111-

114 1901 228 1960 berata:
250 1900 354 1959 deinde
364 1900 395 1958 L.
404 1900 520 1958 Flaccus
534 1907 564 1957 et
574 1900 606 1958 Ο.
615 1899 789 1977 Pomptinus
800 1907 953 1978 praetores,

76 2014 103 2032 a
115 1981 194 2059 quod
208 1999 307 2039 eorum
324 1999 411 2058 opera
423 1980 494 2038 forti
507 1979 641 2057 fidelique
655 1999 723 2060 osup
740 1999 839 2052 essem,
850 1981 954 2039 merito

115 2081 148 2119 ac
168 2062 229 2118 iure
249 2059 409 2130 laudantur,
427 2067 513 2137 atque
537 2059 625 2117 etiam
646 2059 707 2117 viro
732 2059 811 2132 forti,
829 2060 955 2138 collegae
991 2059 995 2066 ’

114 2160 189 2212 meo,
203 2140 266 2198 laus
289 2139 460 2216 impertitur,
476 2138 553 2216 quod
574 2141 632 2211 eos,
648 2140 698 2216 qui
718 2139 804 2197 huius
828 2159 956 2198 1111111-
1063 2191 1070 2205 ,

114 2221 203 2279 tionis
213 2219 367 2298 participes
380 2219 539 2290 fuissent,a
552 2219 654 2278 suiset
667 2239 685 2276 a
697 2219 879 2297 reipublicae
890 2239 956 2278 eon-

116 2299 186 2358 siliis
205 2299 380 2358 removisset
421 2299 520 2377 Atque
536 2299 579 2357 ita
598 2307 777 2371 censuerunt,
790 2307 823 2357 ut
839 2299 872 2357 Ρ.
884 2298 956 2357 Len·

114 2380 201 2452 tulus,
216 2399 282 2437 oum
300 2399 329 2436 11
345 2385 478 2456 praetura
496 2378 662 2450 abdicasset,
677 2378 708 2436 in
725 2378 885 2437 custodiam
901 2386 956 2437 tra-

115 2460 245 2518 deretur:
266 2459 393 2535 itemque
404 2458 447 2516 uti
462 2457 494 2518 O.
505 2449 658 2536 obiitque,
671 2457 701 2516 L
711 2458 849 2530 Statilius,
859 2459 892 2517 P.
901 2457 956 2516 Ga·

115 2539 219 2611 binius,
231 2539 282 2615 qui
296 2556 396 2596 omnes
406 2545 568 2615 praesentes
582 2538 712 2610 crastin
727 2537 887 2596 custodiam
902 2545 957 2596 tra-

115 2619 265 2692 derentur:
283 2623 369 2694 atque
378 2617 455 2675 idem
463 2618 519 2676 hoc
527 2617 673 2676 decretum
683 2618 766 2676 estin
776 2612 806 2677 L.
815 2617 955 2690 Cassium,

116 2699 166 2776 qui
187 2697 242 2755 sibi
261 2697 493 2774 procurationem
514 2697 708 2756 incendendae
730 2697 808 2756 urbis
831 2698 957 2776 depopo

116 2783 214 2849 ecerat,
225 2777 256 2835 in
271 2776 309 2834 M.
320 2775 500 2855 Caeparium,
512 2777 559 2835 cui
573 2777 610 2834 ad
623 2777 818 2836 sollicitandos
828 2785 956 2854 pastores

115 2856 274 2935 Appuliam
290 2857 459 2916 attributam
476 2877 536 2915 esse
553 2864 613 2914 erat
629 2857 797 2928 indicatum,
811 2857 841 2914 in
859 2857 892 2915 P.
904 2856 957 2913 Fu·

115 2939 198 3010 rium,
213 2938 265 3016 qui
285 2944 329 2996 est
349 2957 383 2996 ex
404 2938 440 2995 iis
460 2937 577 3008 colonis,
592 2956 664 3014 quos
684 2936 816 2995 Faesulas
834 2935 866 2993 L.
878 2935 957 2994 Sulla

116 3018 243 3090 deduxit,
255 3018 286 3075 in
303 3016 480 3087 QAnnium
497 3016 658 3087 Chilonem,
674 3015 724 3093 qui
744 3034 883 3073 unacum
900 3015 956 3074 hoc

116 3097 203 3156 Furio
219 3117 331 3176 semper
351 3103 411 3155 crat
427 3097 457 3154 in
474 3096 527 3153 hac
543 3095 732 3170 Allobrogum
755 3094 956 3154 sollicitatione

116 3185 251 3252 versatus,
269 3178 300 3237 in
321 3177 354 3236 P.
367 3175 557 3248 Umbrenum,
574 3173 740 3233 libertinum
764 3172 921 3249 hominem,
939 3193 957 3234 a
