2262 3418
149 125 198 174 146
287 123 358 175 PRO
372 124 403 174 T.
417 122 532 174 ANNIO
548 121 688 174 MILONE
703 121 849 175 ORATIO.
991 180 996 190 Ι

150 225 275 283 deamus
311 223 482 282 Tolerabilis
494 224 613 282 fuerunt
624 223 689 282 illa:
711 223 744 282 P.-
755 223 850 282 Clodii
863 232 990 285 mortem

150 323 241 381 aequo
252 303 348 364 anim
359 303 433 361 ferre
444 322 529 361 nemo
539 310 643 381 potest
678 303 772 381 Luget
782 311 904 376 senatus,
913 325 990 364 mae-
1019 302 1024 316 ⁸

149 390 194 442 ret
204 390 334 461 equester
344 382 423 454 ordo,
433 389 496 440 tota
505 383 605 440 civitas
615 383 747 441 confecta
757 384 836 441 senio
846 390 898 456 est,
908 404 990 462 squa-

150 463 210 521 lent
233 463 398 540 municipia,
416 462 598 520 adflictantur
625 463 761 534 coloniae,
781 464 843 540 agri
864 463 989 542 denique

150 543 207 620 ipsi
223 549 283 600 tam
299 541 467 615 beneficum,
479 548 539 599 tam
556 541 715 614 salutarem,
727 549 787 600 tam
807 550 990 601 mansuetum

151 622 242 680 civem
263 621 433 680 desiderant
476 627 523 680 nl.
541 621 609 678 Non
629 621 688 679 fuit
706 641 740 679 ea
757 641 849 694 causa,
865 623 990 681 iudicem

151 702 291 779 profecto,
302 721 361 759 non
374 701 433 759 fuit
446 720 497 759 cur
513 700 569 758 sibi
582 708 709 759 censeret
722 701 880 779 Pompeius
893 721 991 780 quaes-

150 781 260 840 tionem
274 781 431 852 ferendam,
444 781 494 838 sed
507 780 596 838 homo
610 781 723 858 sapiens
736 787 822 859 atque
836 782 894 839 alta
907 788 937 840 et
949 782 992 839 di-

150 861 218 919 vina
239 860 363 938 quadam
385 860 652 937 mente¹praeditus
675 860 767 919 multa
786 861 877 920 vidit:
900 861 991 920 fnisse

150 940 232 998 illum
253 940 309 998 sibi
329 939 487 1011 inimicum,
499 940 671 998 familiarem
690 940 846 999 Milonem:
868 941 898 998 in
915 959 992 999 com-

150 1020 233 1077 muni
247 1019 377 1076 omniurn
391 1018 507 1091 laetitia,
519 1019 543 1076 si
557 1019 644 1078 etiam
658 1020 719 1097 ipse
736 1020 880 1097 gauderet,
892 1021 992 1078 timuit

151 1118 188 1157 ne
211 1098 355 1158 videretur
381 1097 522 1158 infirmior
547 1098 619 1157 fides
642 1099 839 1158 reconciliatae
865 1100 990 1178 gratiae:

151 1178 243 1240 multa
266 1178 353 1236 etiam
376 1178 433 1236 alia
452 1178 533 1251 vidit,
549 1179 600 1242 sed
619 1178 691 1236 illud
713 1179 846 1252 maxime,
862 1180 993 1257 quamvis

151 1259 285 1317 atrociter
305 1259 367 1336 ipse
388 1257 508 1329 tulisset,
524 1276 575 1315 vos
595 1265 693 1316 tamen
714 1259 829 1318 fortiter
853 1259 993 1318 iudicatu-

151 1355 206 1398 ros.
241 1337 342 1417 Itaque
361 1337 468 1415 delegit
484 1358 519 1396 ex
535 1337 743 1397 florentissimis
764 1339 912 1397 ordinibus
930 1339 994 1417 ipsa

151 1417 267 1489 lumina,
280 1437 373 1495 neque
386 1436 461 1488 vcro,
472 1417 551 1494 quod
560 1437 619 1476 non
633 1417 705 1476 nulli
719 1418 861 1491 dictitant,
874 1419 994 1477 secrevit

150 1497 182 1555 in
192 1497 335 1558 iudicibus
345 1496 474 1575 legendis
487 1497 594 1556 amicos
607 1517 695 1556 meos
731 1497 832 1575 Neque
846 1499 924 1556 enim
937 1498 993 1557 hoo

152 1576 290 1654 cogitavit
301 1577 344 1634 vir
355 1576 535 1648 iustissimus,
547 1596 640 1654 neque
650 1577 681 1635 in
692 1577 776 1636 bonis
786 1577 855 1635 viris
864 1577 994 1656 legendis

151 1656 183 1714 id
203 1655 321 1734 adsequi
337 1657 487 1733 potuisset,
503 1657 590 1716 etiarn
608 1657 633 1716 si
651 1657 784 1734 cupisset.
827 1657 894 1716 Non
905 1659 994 1734 enim

151 1755 217 1794 mea
232 1736 325 1812 gratia
340 1735 583 1794 familiaritatibus
599 1736 771 1809 continetur,
783 1755 855 1814 quae
872 1737 929 1796 late
944 1757 994 1815 pa-

108 1841 110 1843 ·
151 1822 212 1874 tere
220 1834 279 1872 non
287 1822 415 1892 possunt,
424 1822 576 1893 propterea
586 1816 665 1892 quod
673 1817 893 1875 consuetudines
901 1818 994 1876 victus

152 1914 211 1953 non
222 1901 342 1972 possunt
356 1913 416 1952 esse
430 1913 496 1952 cum
510 1894 625 1954 multis:
647 1896 705 1968 sed,
716 1897 741 1953 si
752 1897 822 1974 quid
831 1915 992 1974 possumus,

153 1994 188 2032 ex
202 1993 237 2032 eo
249 1993 410 2051 possumus,
421 1974 499 2052 quod
512 1975 685 2052 respublica
697 1994 751 2034 nos
765 1977 914 2035 coniunxit
928 1996 994 2035 cum

152 2053 250 2113 bonis:
268 2053 418 2131 exquibus
431 2053 478 2111 ille
489 2073 554 2112 cum
570 2055 696 2131 optimos
706 2055 783 2113 viros
792 2055 899 2134 legeret
907 2056 995 2134 idque

152 2133 277 2192 maxime
297 2133 336 2192 ad
355 2132 442 2192 fidem
463 2153 544 2192 suam
565 2134 707 2211 pertinere
729 2135 920 2208 arbitraretur,
935 2155 1009 2196 non.

153 2214 249 2291 potuit
263 2212 356 2291 legere
372 2232 432 2272 non
449 2213 594 2272 studiosos
607 2211 672 2272 mei.
715 2220 762 2273 22.
775 2213 861 2284 Quod
874 2235 941 2274 vero
954 2223 994 2288 te,·

153 2292 184 2351 L.
196 2293 318 2364 Domiti,
336 2293 403 2352 huic
424 2293 585 2371 quaestioni
603 2313 733 2372 praeesse
752 2295 877 2353 maxime
893 2295 993 2368 voluit,

153 2372 227 2430 nihil
248 2373 388 2450 quaesivit
407 2373 487 2432 aliud
507 2374 563 2431 nisi
586 2374 735 2445 iustitiam,
750 2374 929 2451 gravitatem,
943 2375 996 2433 hu-

153 2452 330 2524 manitatem,
337 2451 433 2511 fidem.
464 2453 544 2512 Tulit
554 2461 587 2512 ut
595 2453 771 2512 consularem
782 2473 896 2512 necesse
906 2461 994 2512 essett

154 2530 247 2601 crede,
258 2531 337 2608 quod
352 2533 515 2610 principum
530 2553 635 2591 munus
652 2553 712 2591 esse
728 2533 851 2592 ducebat
866 2534 996 2592 resistere

154 2617 184 2668 et
195 2609 306 2668 levitati
316 2610 510 2669 multitudinis
524 2620 553 2671 et
563 2612 741 2690 perditorum
752 2612 915 2672 temeritati.
951 2613 996 2670 Ex

154 2689 350 2749 consularibus
373 2698 402 2750 te
426 2692 532 2750 creavit
552 2691 753 2770 potissimum:
777 2692 896 2750 dederas
917 2693 995 2750 enim

154 2788 240 2846 quam
255 2777 451 2829 contemneres
464 2771 616 2848 populares
629 2771 753 2830 insanias
767 2770 824 2828 iam
839 2771 874 2830 ab
889 2772 997 2830 adoles-

154 2848 249 2907 centia
264 2848 437 2908 doeumenta
452 2851 585 2910 maxirna
621 2851 674 2909 IX.
704 2857 750 2909 23.
765 2851 995 2924 Quamobrem,

154 2929 271 3001 iudices,
283 2929 480 3007 utaliquando
491 2931 528 2988 ad
538 2949 651 2988 causam
665 2931 829 3008 crimenque
839 2932 995 3003 veniamus,

155 3009 179 3066 si
193 3027 286 3086 neque
297 3009 392 3066 omnis
405 3010 547 3068 confessio
558 3010 629 3068 iacti
643 3017 686 3068 est
696 3010 841 3082 inusitata,
853 3029 945 3088 neque
959 3011 997 3068 de

155 3107 240 3146 causa
249 3095 347 3146 nostra
357 3087 514 3166 quidquam
525 3089 607 3148 aliter
616 3109 649 3147 ao
659 3107 712 3147 nos
722 3089 858 3148 vellemus
869 3109 886 3148 a
896 3097 997 3148 senatu

155 3167 313 3226 iudicatum
335 3173 386 3239 est,
398 3175 427 3226 et
443 3169 517 3228 lator
532 3169 594 3245 ipse
610 3169 689 3245 legis,
705 3188 771 3226 cum
793 3177 867 3228 esset
885 3176 998 3228 contro-
