2240 3418
66 77 72 88 ’
139 111 187 162 111
285 109 356 162 rao
372 107 468 164 1111
484 107 668 160 nmorano
685 107 826 160 ouarm.

138 219 168 270 te
185 231 275 269 unum
291 212 412 283 intueor,
424 210 461 268 ad
476 217 506 268 te
522 228 612 268 unum
633 209 727 268 omnis
747 215 858 286 spectat
874 209 974 271 111111.

139 290 218 360 Quae
235 291 307 348 mihi
323 291 360 348 ad
377 309 458 368 spem
479 289 650 348 obtinendae
666 290 794 347 veritatis
810 290 977 367 gravissima

139 378 214 441 sunt,
224 370 260 427 ad
271 377 384 427 motum
394 369 482 426 animi
494 376 523 427 et
533 369 570 426 ad
580 388 695 426 omnem
710 369 850 446 impetum
862 369 976 428 dicendi

137 451 409 527 contentionemque
425 448 538 506 leviora
581 454 607 506 6.
624 449 707 506 Hanc
724 449 810 520 enim,
822 447 974 522 C.Caesar,

138 549 252 586 causam
267 529 291 586 si
305 529 335 586 11
349 530 414 586 foro
428 529 551 586 dicerem
566 529 667 585 eodem
681 528 814 586 audiente
829 535 859 586 et
868 528 977 606 discep-

138 615 218 666 tante
238 615 275 680 te,
288 615 424 686 quantam
444 608 517 665 mibi
537 608 711 666 alacritatem
731 608 831 685 populi
851 607 977 666 Romani

138 707 291 746 concursus
305 687 445 746 adferret!
487 687 558 756 Quis
572 687 649 745 enim
663 688 733 744 civis
748 687 774 744 ei
787 687 848 764 regi
862 707 921 745 non
935 689 977 744 fa-

137 775 224 840 veret,
237 768 317 826 cuius
332 786 447 825 omnem
462 773 584 824 aetatem
597 766 628 823 in
642 767 743 845 populi
757 766 882 825 Romani
895 766 977 824 bellis

138 854 337 925 consumptam
359 866 419 906 esse
439 847 634 905 meminissetl
674 846 837 922 Spectarem
858 846 975 920 curiam,

136 926 264 984 intuerer
272 927 377 999 forum,
388 926 497 984 caelum
512 926 635 1004 denique
649 933 767 984 testarer
779 927 883 1003 ipsum.
919 925 975 998 sie,

138 1024 205 1063 curn
225 1012 254 1063 11
270 1006 389 1064 deorum
409 1005 616 1064 immortalium
636 1012 665 1063 11
681 1006 783 1083 populi
802 1005 927 1063 Romani
947 1012 977 1064 et

138 1091 252 1143 senatus
276 1085 413 1144 beneficia
436 1087 466 1143 in
491 1105 587 1162 regern
611 1085 781 1143 Deiotarum
805 1085 976 1158 recordarer,

137 1164 217 1222 nullo
231 1165 319 1223 modo
333 1165 405 1223 mibi
419 1165 516 1223 deesse
530 1172 627 1242 posset
641 1165 739 1223 oratio.
776 1165 802 1223 t.
815 1164 894 1234 Quae
908 1185 978 1242 quo·

138 1245 216 1302 niam
233 1245 399 1322 angustiora
414 1246 536 1323 parietes
556 1245 667 1303 faciunt
683 1245 815 1322 actioque
835 1245 977 1303 maximae

138 1343 237 1382 causae
249 1324 413 1382 debilitatur
424 1325 495 1396 loco,
505 1332 587 1382 tuum
600 1332 650 1396 est,
661 1323 772 1395 Caesar,
783 1325 832 1401 qui
842 1344 895 1401 pro
905 1324 978 1382 mul·

138 1404 176 1460 tis
187 1423 269 1481 saepe
280 1404 386 1475 dixisti,
397 1405 467 1481 quid
477 1404 549 1461 mibi
560 1423 636 1462 nunc
647 1404 736 1460 animi
747 1403 784 1462 sit
794 1403 832 1461 ad
841 1404 977 1481 teipsum

138 1482 321 1561 referreque
335 1484 448 1542 facilius
466 1503 532 1541 cum
549 1485 676 1561 aequitas
692 1490 743 1541 tua
757 1490 821 1541 tum
842 1484 978 1542 audiendi

138 1563 288 1640 diligentia
301 1564 412 1622 minuat
425 1563 499 1621 hauc
513 1562 757 1640 perturbationem
771 1582 874 1621 meam.

179 1643 236 1700 Sed
253 1649 318 1700 ante
335 1663 421 1721 quam
438 1642 474 1700 de
491 1643 670 1701 accusatione
683 1643 746 1721 ipsa
762 1643 835 1714 dico,
848 1643 884 1700 de
898 1661 978 1701 accu-

138 1721 265 1780 satorum
280 1741 330 1800 spe
343 1741 434 1800 pauca
448 1722 557 1780 dicam:
580 1723 628 1800 qui
643 1741 708 1780 curn
720 1722 871 1780 videantur
884 1741 977 1800 neque

138 1802 255 1878 ingenio
272 1821 364 1879 neque
380 1820 434 1860 usu
451 1808 536 1879 atque
550 1802 750 1862 exercitatione
764 1821 859 1860 rerum
874 1802 976 1875 valere,

138 1881 289 1939 tamenad
305 1881 378 1939 hanc
395 1901 508 1939 causam
525 1900 584 1939 non
601 1882 661 1939 sine
678 1877 773 1959 aliqua
790 1901 839 1960 spe
856 1887 885 1940 et
901 1883 978 1960 eogi-

137 1962 248 2019 tatione
263 1968 410 2019 venerunt
452 1960 506 2019 III.
543 1967 569 2018 8.
583 1949 695 2019 iratum
713 1969 743 2019 te
759 1962 820 2038 regi
838 1961 977 2020 Deiotaro

137 2041 226 2102 fuisse
243 2060 302 2098 non
320 2048 400 2099 erant
416 2041 521 2099 nes‘cii:
543 2041 689 2098 adfectum
707 2041 786 2098 illum
806 2041 977 2119 quibusdam

138 2121 329 2179 incommodis
346 2128 376 2179 et
389 2121 568 2180 detrimentis
582 2128 700 2198 propter
716 2121 905 2179 offensionem
919 2122 978 2178 ani-

137 2201 180 2258 mi
192 2202 236 2260 111
252 2200 450 2272 meminerant,
462 2206 549 2277 teque
565 2220 630 2258 cum
645 2200 713 2258 huic
727 2201 831 2258 iratum
845 2208 908 2259 tum
922 2201 977 2259 sibi

138 2282 263 2339 amicum
277 2301 337 2340 esse
351 2287 553 2358 cognoverant,
565 2299 687 2357 eumque
701 2281 778 2358 apud
788 2281 884 2358 ipsum
897 2288 926 2338 te
941 2280 977 2339 de

137 2367 189 2418 tuo
205 2361 332 2438 periculo
346 2361 481 2432 dicerent,
493 2361 556 2418 fore
571 2359 711 2437 putabant
724 2366 758 2417 ut
771 2361 801 2417 in
817 2361 977 2420 exulcerato

138 2440 234 2497 animo
245 2441 329 2498 facile
343 2440 442 2498 fictum
457 2440 564 2498 crimen
577 2441 721 2498 insideret.
758 2439 851 2509 Quam
865 2440 902 2498 ob
916 2459 979 2497 rem

137 2519 193 2577 boc
207 2538 260 2576 nos
273 2520 400 2597 primum
417 2526 504 2591 metu,
517 2519 628 2592 Caesar,
640 2539 691 2596 per
704 2519 791 2577 fidem
805 2526 980 2578 etconstan-

137 2600 209 2656 tiam
229 2606 259 2657 et
279 2599 460 2657 clementiam
480 2606 560 2657 tuam
584 2599 680 2670 libera,
695 2617 732 2657 ne
754 2599 877 2658 residere
897 2599 927 2656 in
948 2605 980 2657 11

138 2679 226 2736 ullam
239 2685 351 2756 partem
365 2679 527 2736 iracundiae
542 2673 725 2756 suspicemur.
761 2679 818 2736 Per
831 2679 980 2737 dexteram

138 2759 223 2817 istam
237 2765 267 2816 te
281 2777 339 2830 ore,
353 2778 437 2836 quarn
452 2759 513 2836 regi
526 2759 665 2827 Deiotaro
678 2758 782 2836 hospes
795 2758 903 2835 hospiti
914 2777 981 2836 por-

138 2839 244 2910 rexisti,
260 2839 353 2910 istam,
369 2839 495 2916 inquam,
511 2838 657 2896 dexteram
677 2857 741 2896 ,non
764 2845 824 2894 tam
845 2839 876 2895 in
895 2837 981 2895 bellis

138 2936 231 2995 neque
245 2919 276 2974 in
285 2917 401 2994 proeliis
412 2937 498 2995 quarn
508 2918 539 2974 in
549 2917 697 2994 promissis
708 2925 737 2976 et
747 2917 803 2974 fide
814 2917 979 2976 firmiorem.

138 2996 184 3053 Tu
200 2996 277 3054 illius
294 2997 413 3054 domum
429 2997 509 3068 inire,
521 3003 555 3053 tu
571 3003 653 3054 vetus
668 2997 827 3074 hospitium
844 3016 981 3056 renovare

138 3075 273 3132 voluisti:
295 3082 324 3133 te
341 3076 402 3132 eius
419 3075 449 3133 di
465 3082 583 3153 penates
600 3083 786 3154 acceperunt:
808 3083 838 3134 tc
854 3077 982 3135 amicum

140 3159 170 3211 11
183 3152 327 3229 placatum
337 3153 468 3212 Deiotari
482 3155 557 3231 regis
571 3173 634 3213 arae
648 3156 763 3233 focique
773 3155 913 3214 viderunt.
950 3161 980 3214 9.

1095 3273 1117 3416 1
