2262 3418
112 111 161 160 158
248 109 319 162 PRO
333 109 366 160 Τ.
380 107 495 160 ANNIO
510 107 651 159 MILONE
667 107 810 160 ORATIO.

111 209 316 288 Res'loquitur
335 209 405 286 ipsa,
417 209 533 281 iudices,
546 227 619 286 quae
639 227 751 286 semper
770 208 846 266 valet
863 207 949 286 pluri·

111 309 200 348 mum.
243 295 289 347 54.
307 288 339 346 Si
362 288 432 346 haec
453 307 513 346 non
534 295 615 366 gesta
636 287 781 358 audiretis,
799 287 849 346 sed
872 288 950 365 picta

112 369 253 440 videretis,
268 374 366 425 tamen
382 373 531 445 appareret
547 374 611 424 uter
627 374 701 424 esset
716 367 875 439 insidiator,
887 374 950 424 uter

112 447 185 505 nihil
195 449 334 525 cogitaret
343 447 420 518 mali,
432 466 498 505 cum
509 447 580 505 alter
589 447 738 505 veheretur
747 447 778 503 in
792 447 877 504 raeda
886 466 960 523 pae-¹

113 527 235 598 nulatus,
250 547 308 584 una
328 527 439 586 sederet
458 545 537 584 uxor.
560 570 567 585 .
590 569 597 584 .
619 570 627 585 .
669 525 747 594 Quid
767 527 871 584 horum
891 545 950 583 non

113 607 382 683 impeditissimum?
401 606 522 664 vestitus
541 625 579 663 an
597 605 760 664 vehiculum
780 625 817 662 an
837 605 961 665 eomeslv

115 687 185 765 quid
194 687 290 744 minus
300 692 469 764 promptum
482 686 520 744 ad
529 704 666 764 pugnum,
676 705 741 742 eum
752 685 874 762 paenula
886 685 952 741 irre·

114 767 286 838 titus‚raeda
298 766 463 843 impeditus,
471 785 559 823 uxore
572 784 663 842 paene
677 765 848 822 constrictus
862 763 951 821 essetl

114 846 221 905 Videte
241 865 317 903 nunc
333 845 424 916 illum,
435 845 561 922 primum
582 844 774 921 egredientem
792 842 953 914 61111666-

114 925 194 983 bito:
219 927 286 984 curl
310 925 436 1002 vesperi:
464 924 535 1002 quid
556 943 670 982 necesse
694 925 756 982 estl
779 923 876 980 tarde:
902 921 953 999 qui

115 1005 257 1076 convenit,
266 1003 431 1082 praesertim
443 1004 474 1064 id
484 1004 640 1080 temporisl
673 1002 804 1060 Devertit
814 1003 845 1059 in
856 1000 953 1059 villam

115 1084 257 1161 Pompeii.
292 1084 464 1161 Pompeium
475 1089 508 1140 ut
518 1083 646 1141 videret?
666 1082 773 1140 sciebat
786 1082 817 1138 in
828 1081 954 1138 Alsiensi

116 1169 193 1222 esse':
214 1163 367 1222 v'illam'ut'
387 1163 577 1240 perspiceretl
601 1162 715 1220 miliens
737 1161 767 1218 in
792 1180 827 1219 ea
849 1161 951 1218 fuerat

117 1243 195 1312 Quid
218 1263 286 1321 erge
310 1244 388 1312 erati
411 1261 493 1300 mora
515 1249 545 1300 et
566 1241 783 1319 tergiversatio:
812 1240 883 1298 dum
905 1239 955 1310 hic

117 1324 233 1394 veniret,
245 1323 340 1381 locum
354 1321 511 1399 relinquere
524 1321 625 1380 noluit.
678 1317 684 1336 ²

76 1468 78 1472 ,
157 1402 240 1460 XXI.
277 1409 323 1460 55.
343 1401 409 1478 Age
429 1420 505 1459 nunc
525 1401 580 1458 iter
600 1399 728 1478 expediti
748 1399 869 1458 latronis
888 1417 955 1458 cum

118 1482 234 1540 Milonis
247 1480 461 1558 impedimentis
475 1487 645 1558 comparate.
678 1479 798 1557 Semper
810 1479 858 1537 ille
871 1486 957 1550 antea

118 1581 184 1620 eum
208 1581 304 1632 uxore,
317 1567 383 1619 tum
402 1561 463 1617 sine
483 1578 532 1620 ea:
553 1578 711 1637 numquam
731 1559 788 1617 nisi
808 1559 839 1616 in
861 1559 954 1631 raeda,

118 1648 182 1698 tum
203 1641 233 1698 in
255 1658 346 1718 equo:
375 1639 496 1698 comites
516 1638 656 1710 Graeculi,
677 1657 859 1716 quocumque
885 1638 955 1710 ibat,
1006 1645 1007 1648 ’

119 1721 206 1778 etiam
220 1739 285 1778 cum
299 1720 330 1777 in
344 1725 436 1776 castra
449 1718 568 1776 Etrusca
581 1719 769 1796 properabat:
791 1724 855 1775 tum
869 1737 957 1794 nuga·

118 1819 183 1858 mm
205 1799 235 1856 iu
257 1799 396 1856 comitatu
415 1797 495 1856 nihil.
537 1797 617 1869 Milo,
636 1799 686 1874 qui
709 1815 876 1874 numquam,
892 1804 956 1855 tum

119 1898 186 1936 casu
198 1897 303 1955 pueros
319 1877 540 1954 symphoniacos
556 1877 652 1934 uxoris
666 1876 789 1934 ducebat
803 1883 832 1934 et
845 1877 958 1935 ancilla»

119 1978 183 2015 rum
200 1976 307 2034 greges
350 1956 410 2027 llle,
422 1957 472 2034 qui
489 1975 602 2034 semper
616 1962 714 2015 'secum
733 1963 834 2028 scorta,
846 1973 959 2033 semper

120 2037 254 2108 exoletos,
265 2055 376 2114 semper
388 2036 470 2112 lupas
483 2035 607 2108 duceret,
619 2042 682 2095 tum
696 2036 849 2108 neminem,
859 2037 915 2094 nisi
925 2042 958 2093 ut

120 2117 212 2176 virum
229 2135 246 2174 a
262 2117 323 2174 viro
339 2116 446 2174 lectum
460 2113 520 2172 es'se
534 2115 649 2174 diceres.
692 2114 752 2173 Cur
764 2116 853 2194 igitur
866 2116 959 2174 victus

120 2198 182 2254 estl
222 2195 297 2264 Quia
312 2214 370 2254 non
390 2213 502 2272 semper
517 2194 610 2252 viator
629 2214 647 2252 a
666 2194 784 2267 latrone,
798 2213 857 2252 non
878 2214 960 2252 num-

121 2295 207 2352 quam
227 2276 314 2333 etiam
335 2275 407 2332 latro
428 2293 445 2330 a
465 2274 573 2332 viatore
594 2275 759 2345 occiditurs
772 2275 847 2352 quia,
863 2293 960 2352 quam-

122 2374 207 2433 quam
227 2361 343 2431 paratus
363 2354 393 2411 in
414 2353 571 2430 imparatos
591 2354 718 2426 Clodius,
735 2360 834 2412 tamen
856 2353 962 2414 mulier.

121 2434 260 2492 inciderat
280 2433 310 2490 in
326 2433 410 2490 viros.
453 2437 500 2492 56.
516 2432 577 2491 Nec
597 2452 664 2494 vero
686 2433 726 2492 sic
746 2440 807 2491 eret
822 2450 960 2510 umquam

31 2515 33 2519 ’
121 2533 180 2570 nou
190 2519 305 2590 paratus
316 2511 386 2568 Milo
401 2517 501 2572 contra
515 2512 605 2583 illum,
616 2519 719 2572 utnon
730 2512 798 2570 satis
812 2512 873 2569 fere
887 2517 961 2569 esset

121 2598 244 2669 paratus.
279 2591 399 2668 Semper
408 2591 456 2648 ille
470 2597 499 2649 et
510 2598 650 2669 quantum
660 2592 809 2650 interesset
822 2591 855 2649 P.
865 2590 960 2649 Clodii

122 2691 152 2730 se
165 2671 259 2748 perire
271 2677 302 2728 et
311 2677 419 2748 quanto
433 2671 477 2730 illi
489 2671 557 2729 odio
572 2678 646 2730 esset
659 2677 689 2728 et
699 2677 839 2748 quantum
853 2669 900 2727 ille
914 2688 961 2726 au-

122 2750 203 2808 deret
218 2751 372 2828 cogitabat
414 2749 509 2819 Quam
527 2750 566 2808 ob
585 2769 647 2808 rem
663 2750 752 2807 vitam
772 2769 862 2820 suam,
874 2767 961 2826 quam

121 2830 254 2890 maximis
267 2830 402 2908 praemiis
415 2830 594 2907 propositam
604 2835 634 2886 et
647 2847 738 2906 paene
752 2829 896 2887 addictam
911 2827 961 2886 sci·

16 2919 24 2934 ⁸
70 2893 83 2913 ⁰
121 2909 195 2981 ebat,
206 2928 365 2987 numquam
381 2910 411 2966 in
432 2908 590 2985 periculum
610 2927 672 2965 sme
691 2907 834 2984 praesidio
855 2913 885 2964 61
901 2906 962 2964 sine

87 3037 90 3044 .
122 2989 253 3048 custodia
262 2988 437 3066 proiiciebat.
479 2986 565 3044 Adde
580 3005 668 3058 casus,
680 2986 753 3044 adde
767 2987 892 3043 incertos
905 2985 962 3044 exi·

122 3074 169 3126 tus
178 3087 341 3146 pugnarum
352 3067 530 3143 Martemque
540 3084 732 3136 communem,
740 3065 790 3142 qui
803 3083 887 3141 saepe
898 3083 962 3141 spo·

122 3146 239 3209 liantem
262 3147 320 3206 iam
344 3152 373 3204 et
395 3145 583 3202 exsultantem
608 3145 710 3202 evertit
731 3152 761 3203 et
782 3143 903 3221 perculit
925 3142 961 3199 ab
