2262 3418
307 138 321 180 -‘
387 129 765 202 car.X.-xn.,§25e1.,
822 128 829 140 ‘
939 130 987 191 129'

148 235 399 320 adperficieudum
411 240 553 298 adornavi.
589 240 705 298 Nullam
717 240 794 299 euim
803 240 893 300 virtus
903 241 987 301 aliam

147 321 308 379 mercedem
329 321 458 378 laborum
478 320 727 398 periculorumque
747 321 889 379 desiderat
909 341 988 400 prae

147 408 192 459 ter
201 400 275 459 hanc
288 400 380 458 laudis
394 407 423 459 et
433 400 554 478 gloriae:
576 420 633 478 qua
644 400 760 478 quidem
771 401 905 474 detracta,
915 402 988 460 iudi-

135 494 202 552 ces,
215 480 286 558 quid
299 488 342 539 est
356 481 434 558 quod
448 481 478 538 iu
494 480 549 538 hoe
566 486 626 538 tam
641 481 745 558 exiguo
759 481 834 538 vitae
848 481 987 540 curriculo

148 567 247 618 ettam
258 560 337 618 brevi
347 561 436 618 tantis
446 579 499 619 uos
509 561 540 617 in
551 559 695 618 laboribus
706 563 904 620 exerceamus?
938 567 985 620 29.

148 639 240 712 Certe,
254 640 277 696 si
293 639 365 698 nihil
382 641 494 698 animus
510 641 697 718 praesentiret
713 639 744 697 in
759 647 906 717 posterum
921 642 988 699 etsi

149 718 252 798 quibus
265 719 431 798 remonibus
444 720 520 778 vitae
535 720 660 798 spatium
674 719 921 798 circumscriptum
935 728 987 794 est,

148 800 255 858 eisdem
272 819 372 858 omnes
388 801 578 878 cogitationes
594 800 760 858 terminaret
777 819 913 872 susanae
927 807 988 858 tan·
1019 819 1020 823 ¹

147 880 185 938 tis
202 900 231 938 se
245 879 390 938 laboribus
406 881 552 958 frangeret
566 897 659 958 neque
675 887 721 938 tot
737 880 812 938 curis
826 879 988 958 vigiliisque

147 959 305 1037 angeretur
313 980 366 1019 nec
380 961 487 1019 totiens
504 960 540 1018 de
553 960 617 1038 ipsa
629 961 690 1018 vita
703 960 860 1018 dimicaret.
903 960 988 1018 Nune

147 1039 253 1098 insidet
267 1040 407 1118 quaedam
421 1041 451 1097 in
466 1041 579 1117 optimo
596 1059 710 1117 quoque
726 1041 824 1110 virtus,
837 1058 909 1117 quae
923 1059 988 1097 noc-

147 1125 192 1176 tes
208 1137 240 1176 ac
257 1119 318 1176 dies
339 1119 467 1176 animum
484 1119 591 1197 gloriae
612 1117 735 1176 stimulis
756 1119 881 1176 concitat
902 1126 988 1196 atque

117 1257 123 1267 ¹
149 1198 285 1255 admonet
301 1217 360 1256 non
381 1218 447 1257 cum
463 1199 539 1256 vitae
554 1204 685 1275 tempore
701 1217 761 1255 esse
782 1197 987 1271 dimetiendam

148 1278 451 1336 commemorationem
475 1277 601 1335 nominis
628 1277 726 1348 nostri,
747 1276 797 1334 sed
818 1295 883 1334 cum
908 1279 988 1335 omni

148 1358 316 1435 posteritate
337 1358 560 1436 adaequandum.
602 1356 671 1414 XII.
707 1362 753 1414 30.
771 1355 821 1414 An
841 1376 909 1414 vero
927 1364 987 1414 tam

148 1438 229 1515 parri
245 1438 335 1495 animi
351 1438 499 1504 videamur
515 1456 575 1496 esse
589 1455 697 1508 omnes,
713 1437 763 1514 qui
780 1437 810 1494 in
826 1455 857 1494 re
873 1435 988 1514 publica

148 1525 235 1595 atque
255 1519 285 1577 in
306 1517 351 1575 his
365 1519 440 1576 vitae
460 1517 593 1596 periculis
613 1517 813 1594 laboribusque
832 1535 987 1590 versamur,-

148 1604 189 1667 ut,
205 1618 270 1658 eum
291 1617 381 1677 usque
402 1598 439 1656 ad
459 1605 619 1656 extremum
641 1597 765 1675 spatium
786 1595 897 1654 nullum
912 1603 987 1654 tran-

149 1678 269 1756 quillu'm
291 1686 377 1756 atque
399 1679 525 1737 otiosum
547 1679 680 1756 spiritum
703 1677 875 1749 duxerimus
893 1676 988 1734 uobis-

148 1777 213 1816 cum
229 1759 313 1817 simul
326 1758 466 1817 moritura
479 1760 578 1816 omnia
590 1757 777 1816 arbitremur?
815 1756 864 1815 Au
879 1763 987 1814 statuas

141 1845 178 1896 et
188 1838 334 1916 imagines,
346 1857 405 1896 non
420 1839 580 1896 animorum
595 1838 751 1910 simulacra,
764 1837 814 1896 sed
823 1855 985 1914 corporum,

149 1918 276 1975 studiose
289 1917 374 1975 multi
391 1918 496 1975 summi
512 1917 644 1976 homines
660 1918 843 1995 reliquerunt,
855 1916 988 1974 consilio-

148 2016 212 2053 rum
223 1996 381 2074 relinquere
392 2017 424 2055 ac
435 1997 574 2055 virtutum
585 2003 746 2054 nostrarum
755 1996 878 2074 effigiem
889 2015 986 2055 nonne

148 2075 241 2133 multo
255 2076 338 2134 malle
352 2076 497 2148 debemus,
510 2076 629 2133 summis
643 2077 766 2154 ingeniis
782 2095 943 2153 expressam
957 2083 986 2134 et

148 2155 288 2233 politaml
328 2156 391 2233 Ego
405 2175 472 2213 vero
489 2156 594 2226 omnia,
607 2175 679 2232 quae
695 2154 836 2232 gerebam,
848 2155 906 2212 iam
922 2162 986 2213 tum

148 2235 318 2313 ingerendo
333 2255 465 2313 spargere
478 2255 525 2292 me
539 2255 571 2292 ac
585 2235 768 2293 disseminare
782 2233 939 2292 arbitrabar
955 2235 986 2291 in

149 2315 227 2374 orbis
234 2323 324 2374 terrae
334 2315 503 2372 memoriam
514 2315 723 2391 sempiternam.
756 2314 836 2372 Haec
847 2333 913 2372 vero
928 2313 986 2372 sive

148 2415 251 2454 amec
273 2415 356 2454 sensu
376 2403 443 2472 post
463 2401 586 2452 mortem
610 2395 725 2452 afutura
745 2401 788 2452 est
808 2394 875 2466 sive,
893 2400 925 2451 ut
946 2413 987 2452 sa-

148 2475 320 2553 pientissimi
330 2475 462 2533 homines
475 2479 656 2553 putaverunt,
668 2475 705 2532 ad
719 2473 843 2554 aliquam
857 2474 915 2532 mei
924 2494 986 2553 par-

148 2563 208 2612 tem
225 2555 387 2633 pertinebit,
402 2574 478 2613 nunc
496 2555 613 2633 quidem
630 2561 705 2612 certe
726 2554 900 2632 cogitatione
921 2575 987 2633 qua-

149 2634 215 2692 dam
231 2654 337 2713 speque
351 2635 484 2693 delector.

189 2721 236 2774 31.
257 2715 321 2784 Qua
340 2734 370 2772 re
390 2721 563 2787 conservate,
577 2713 693 2787 iudices,
708 2713 853 2773 hominem
877 2714 986 2792 pudore

149 2813 191 2866 eo,
203 2814 288 2872 quem
299 2795 456 2853 amicorum
466 2794 570 2853 videtis
580 2794 760 2873 comprobari
770 2814 835 2852 curn
846 2794 986 2870 dignitate

148 2881 212 2931 tum
229 2875 316 2933 etiam
335 2872 484 2946 vetustate,
499 2875 617 2952 ingenio
633 2882 729 2933 autem
745 2881 834 2946 tanto,
848 2879 986 2950 quantum

149 2953 181 3011 id
203 2955 338 3014 convenit
359 2954 523 3026 existimari,
540 2955 617 3031 quod
638 2967 815 3012 summorum
835 2953 986 3010 hominum

95 3093 98 3100 Δ
149 3033 272 3110 ingeniis
283 3035 442 3113 expetitum
453 3053 513 3092 esse
522 3034 650 3106 videatis,
660 3052 744 3091 causa
752 3052 819 3091 vero
829 3032 985 3104 eiusmodi,

170 3132 223 3171 uae
232 3113 371 3174 beneficio
382 3114 461 3192 legis,
472 3114 641 3172 auctoritate
651 3113 809 3191 municipii,
819 3111 987 3170 testimonio

150 3132 269 3267 irueulli,
281 3195 386 3254 tabulis
400 3192 508 3253 Metelli
522 3193 731 3270 comprobetur.
774 3192 853 3262 Quae
867 3211 932 3251 cum
946 3191 988 3249 ita

292 3297 326 3350 11
