2262 3412
131 125 163 175 14
239 123 288 173 DE
305 123 457 176 IMPERIO
474 119 857 175 CN.POMPE110RATIO.

129 231 190 282 tem
211 223 386 296 diuturnum,
404 232 465 283 tam
485 225 571 301 longe
591 225 704 302 lateque
724 223 893 302 dispersmn,
911 247 970 306 quo

129 302 205 361 bello
229 323 329 361 omnes
352 310 453 381 gentes
476 325 509 362 ac
531 305 663 362 nationes
686 305 895 382 premebantur,
914 307 967 368 Cn.

130 383 287 460 Pompeius
300 390 426 442 extrema
436 383 530 442 hieme
541 384 697 462 apparavit,
707 384 824 442 ineunte
834 405 899 444 vere
911 407 968 446 sus·

130 463 213 540 cepit,
225 462 320 520 media
333 470 439 522 aestate
453 464 585 522 confecit.

169 541 252 600 XIH.
290 549 335 602 36.
352 543 404 601 Est
420 543 489 601 haec
507 544 604 601 divina
620 549 705 622 atque
722 544 898 603 incredibilis
914 546 967 606 vir

128 629 175 680 tus
185 622 371 700 imperatoris.
408 622 485 691 Quid
495 630 612 696 ceterae,
623 643 692 700 quas
705 623 801 701 paullo
815 630 881 682 ante
892 645 967 683 com-

128 721 285 760 memorare
312 721 469 780 coeperam,
489 710 612 781 quantae
639 710 725 781 atque
750 723 836 780 quarn
859 704 967 764 multae

129 783 213 840 suntl
253 781 321 841 Non
341 783 419 840 enim
439 782 564 840 bellandi
585 783 674 840 virtus
695 782 787 840 solum
804 783 835 840 in
852 803 966 842 summo

128 881 161 919 ac
171 861 299 939 perfecto
308 862 479 998 imperatore
491 862 651 940 quaerenda
661 868 712 933 est,
722 861 773 919 sed
782 862 889 926 multae
900 871 967 922 sunt

127 949 202 999 artes
218 941 338 999 eximiae
373 942 437 999 uius
449 941 637 1002 ,administrae
653 941 829 1019 comitesque
842 943 963 1002 virtutis.

127 1020 172 1078 Ac
182 1021 308 1098 primum
323 1028 430 1099 quanta
442 1022 608 1080 innocentia
620 1021 726 1080 debent
739 1040 800 1079 esse
814 1022 966 1100 imperate

127 1101 189 1158 resl
210 1108 316 1178 quanta
336 1101 439 1160 deinde
460 1102 491 1159 in
511 1101 645 1160 omnibus
665 1100 749 1158 rebus
765 1103 962 1179 temperantia,

128 1187 233 1257 quanta
243 1179 307 1252 fide,
321 1188 427 1258 quanta
440 1180 586 1252 facilitate,
599 1187 706 1258 quanto
720 1181 845 1258 ingenio,
858 1189 965 1258 quanta

126 1259 323 1322 humanitate?
363 1261 443 1330 Quae
457 1261 580 1320 breviter
594 1261 687 1338 qualia
701 1260 803 1318 sintin
817 1260 868 1320 Gn.
879 1261 966 1319 Pom-

125 1340 192 1416 peio
209 1340 436 1399 consideremus:
458 1360 572 1398 summa
591 1341 667 1398 enim
689 1341 786 1399 omnia
806 1348 881 1412 sunt,
897 1340 965 1411 Qui-
1068 1361 1071 1364 *

126 1419 202 1490 rites,
214 1419 265 1477 sed
275 1439 308 1478 ea
320 1420 413 1497 magis
427 1440 462 1480 ex
475 1420 596 1478 aliorum
607 1420 791 1478 contentione
806 1440 891 1497 quam
903 1421 966 1499 ipsa

125 1517 177 1576 per
190 1518 250 1556 sose
264 1500 398 1576 cognosci
412 1507 498 1577 atque
512 1499 634 1576 intelligi
644 1507 772 1576 possunt
809 1501 855 1558 37.
871 1499 964 1570 Quem

126 1577 202 1636 enirn
218 1579 419 1658 imperatorem
433 1598 585 1656 possumus
598 1579 659 1638 ullo
674 1580 704 1640 in
721 1599 840 1658 numero
854 1587 962 1657 putare,

126 1657 206 1715 cuius
217 1658 247 1715 in
256 1659 386 1716 exercitu·
394 1659 568 1729 centuriatus
576 1666 698 1717 veneant
707 1666 793 1736 atque
806 1659 964 1720 venierintl

125 1736 204 1806 Quid
213 1737 289 1795 hunc
300 1737 448 1796 hominem
459 1757 596 1815 magnum
607 1746 657 1797 aut
667 1738 795 1816 amplum
806 1739 842 1797 de
852 1759 882 1798 re
892 1740 964 1818 pub·

125 1816 180 1875 lica
198 1817 333 1894 cogitare,
345 1818 395 1895 qni
411 1818 562 1896 pecuniam
579 1838 614 1876 ex
634 1819 742 1876 aerario
762 1819 964 1897 depromptam
1022 1863 1026 1869 -

125 1897 162 1954 ad
178 1897 285 1955 bellum
302 1898 560 1956 administrandum
577 1904 627 1957 aut
640 1905 759 1976 propter
774 1899 964 1976 cupiditatem

124 1977 288 2055 provinciae
305 1978 519 2055 magistratibus
535 1977 664 2038 diviserit
679 1984 730 2035 aut
746 1987 864 2057 propter
877 1980 965 2037 avari-

124 2057 195 2115 tiam
212 2056 321 2116 Romae
337 2059 367 2116 in
388 2065 508 2135 quaestu
523 2057 687 2136 reliqueritl
728 2057 832 2116 Vestra
852 2058 965 2117 admur-

124 2137 248 2195 muratio
268 2138 347 2210 facit,
360 2137 493 2210 Quirites,
508 2144 541 2195 ut
561 2156 714 2215 agnoscere
733 2137 888 2196 videamini
912 2139 962 2216 qui

124 2216 194 2275 haec
210 2218 346 2276 fecerint:
368 2237 422 2296 ego
436 2224 538 2278 autem
546 2218 666 2278 nomino
680 2218 841 2283 neminem:
864 2238 921 2296 qua
933 2229 963 2277 re

124 2297 206 2376 irasci
219 2297 293 2356 mihi
306 2318 391 2356 nemo
405 2298 520 2378 poterit,
532 2297 588 2356 nisi
603 2297 652 2375 qni
666 2305 732 2360 ante
745 2297 783 2355 de
799 2317 829 2356 se
843 2298 964 2357 voluerit

124 2377 261 2436 confiteri.
303 2377 404 2456 Itaque
420 2385 538 2456 propter
553 2377 628 2435 hanc
646 2377 794 2435 avaritiam
811 2378 964 2455 imperato-

124 2476 188 2514 rum
216 2464 336 2535 quantas
359 2458 549 2528 calamitates,
563 2476 744 2534 quocumque
768 2465 886 2516 ventum
911 2466 962 2530 cst,

124 2537 214 2595 nostri
239 2538 378 2596 exercitus
403 2539 499 2597 ferant
523 2537 587 2615 quis
610 2537 745 2614 ignorati
789 2543 836 2595 38.
856 2536 964 2596 Itinera

125 2635 197 2694 quae
217 2636 268 2694 per
284 2617 369 2676 hosce
386 2637 476 2676 annos
494 2618 524 2675 in
542 2617 625 2678 Italia
641 2636 692 2696 per
711 2635 795 2694 agros
811 2624 897 2694 atque
914 2637 965 2695 op-

124 2696 193 2774 pida
205 2697 311 2754 civium
325 2697 521 2756 Romanorum
530 2697 630 2755 nostri
644 2697 829 2774 imperatores
843 2697 964 2755 fecerint

124 2776 328 2835 recordamini:
351 2784 413 2835 tum
428 2777 540 2835 facilius
557 2777 688 2836 statuetis
706 2777 776 2854 quid
793 2777 871 2855 apud
888 2784 967 2835 exte·
1067 2775 1070 2784 ’

124 2875 169 2914 ras
182 2857 312 2916 nationes
326 2855 386 2915 fieri
401 2858 577 2916 existimetis.
616 2856 724 2915 Utrum
738 2857 836 2934 plures
847 2856 965 2915 arbitra·

124 2937 196 2995 mini
212 2957 263 3014 per
278 2937 364 2995 hosce
381 2955 470 2995 annos
486 2937 612 2994 militum
626 2944 785 2996 vestrorum
799 2937 885 2996 ermis
898 2936 964 2994 hos-

124 3016 198 3074 tium
213 3016 298 3074 nrbes
314 3036 351 3074 an
366 3015 493 3074 hibernis
509 3017 652 3074 sociomm
666 3017 796 3076 civitates
812 3036 872 3075 esso
889 3016 965 3075 delc-

123 3098 186 3154 nst
226 3096 327 3175 Neque
343 3096 421 3154 enim
434 3102 531 3172 potest
544 3096 698 3154 exercitum
713 3097 738 3153 is
751 3097 897 3155 continere
910 3097 964 3154 im-

56 3199 58 3204 ·
124 3183 245 3252 perator,
258 3175 307 3254 qui
322 3195 351 3234 se
365 3175 427 3253 ipse
440 3194 499 3232 non
516 3175 653 3248 continet,
665 3193 758 3254 neque
774 3195 887 3236 severus
902 3195 970 3242 esse
