2240 3418
114 120 165 170 220
197 118 238 168 IN
254 118 291 169 M.
306 117 501 170 ANTONIUM
517 116 652 170 ORATIO
668 117 881 174 PHILIPPICA
897 119 920 171 I.
1001 110 1004 114 ¹

114 239 181 278 cum
199 226 324 297 serperet
339 220 370 277 in
387 219 487 278 urbem
508 218 654 284 infinitum
670 219 778 278 malu'm
795 220 883 298 idque
898 229 957 280 ma·

114 305 196 358 naret
217 299 248 356 in
264 299 326 357 dies
346 299 439 370 latius,
454 299 599 377 iidemque
614 298 733 357 bustum
753 300 784 357 in
801 300 867 358 foro
882 300 957 359 face·

114 386 186 450 rent,
199 379 249 457 qui
266 379 345 436 illam
365 379 537 458 insepultam
559 378 734 457 sepulturam
755 380 915 452 effecerant,
928 387 957 439 01

114 459 222 518 cotidie
246 459 339 536 magis
362 459 512 537 magisque
535 459 642 537 perditi
665 458 798 530 homines
822 479 888 518 eum
912 460 957 518 sui

115 539 258 610 similibus
278 539 365 598 servis
381 538 465 597 tectis
485 558 518 596 ao
534 538 651 616 templis
671 539 750 596 urbis
771 539 956 612 minarentur,

114 619 181 678 talis
203 619 411 678 animadversio
431 619 489 677 fuit
508 618 675 677 Dolabellae
696 638 762 677 cum
783 619 812 678 in
836 619 958 678 audaces

115 699 322 778 sceleratosque
343 718 438 758 servos
454 705 517 757 tum
538 698 569 756 in
590 699 719 776 Impuros
735 705 765 758 et
781 699 907 758 nefarios
926 699 959 756 li·

114 779 207 851 beros,
219 779 341 857 talisque
356 779 466 837 eversio
486 778 563 836 illius
579 786 739 838 exsecratae
755 778 913 851 columnae,
925 785 959 837 ut

114 859 188 916 mihi
202 859 308 916 mirum
322 859 452 918 videatur
464 865 525 916 tam
539 858 622 918 valde
638 858 779 937 reliquum
793 865 908 936 tempus
921 858 958 916 ab

115 939 165 996 illo
182 958 241 997 uno
258 938 306 997 die
322 939 495 997 dissensisse
534 938 648 996 alteas
664 939 741 996 enim
758 937 897 996 Kalendis
913 937 959 996 111-

115 1019 179 1090 niis,
192 1018 297 1097 quibus
314 1025 347 1076 ut
362 1017 525 1077 adessemus
545 1017 701 1090 edirerant,
716 1024 828 1076 mutata
843 1017 957 1076 omnia:

115 1098 188 1156 nihil
204 1117 257 1177 per
272 1104 411 1170 senatum,
423 1098 515 1156 multa
530 1104 560 1156 et
575 1117 681 1175 magna
700 1116 752 1175 per
771 1097 912 1175 populum
929 1103 959 1156 et

115 1178 233 1238 absente
249 1178 359 1256 populo
375 1185 406 1236 et
421 1178 521 1237 invito.
560 1177 699 1236 Consules
715 1176 858 1254 designati
874 1195 959 1254 nega·

115 1257 186 1318 bant
197 1277 226 1332 se
237 1258 341 1318 audere
355 1258 385 1316 in
400 1265 530 1337 senatum
541 1257 654 1320 venire:
672 1257 780 1334 patriae
793 1255 959 1315 liberatores

80 1367 83 1374 ·
117 1337 186 1396 urbe
206 1337 341 1397 carebant
361 1357 402 1410 ea,
417 1339 499 1396 cuius
519 1357 536 1396 a
556 1336 713 1395 cervicibus
736 1337 836 1414 iugum
858 1335 959 1395 servile

116 1418 294 1478 deiecerant:
317 1438 389 1497 quos
402 1425 499 1476 tamen
513 1417 571 1496 ipsi
584 1417 714 1474 consules
728 1423 757 1475 et
773 1416 803 1474 in
817 1415 959 1475 0011110111-

115 1497 171 1556 bus
191 1505 220 1556 et
241 1498 271 1557 in
292 1498 372 1556 omni
393 1517 523 1556 sermone
544 1497 706 1556 laudabant
749 1496 886 1556 Veterani
908 1496 958 1573 qui

116 1578 341 1656 appellabantur,
357 1578 461 1656 quibus
482 1578 528 1636 hic
549 1577 621 1634 ordo
642 1575 860 1653 diligentissime
880 1595 959 1633 cave·

116 1665 169 1731 rat,
181 1678 240 1717 non
254 1659 292 1716 ad
305 1657 549 1717 conservationem
563 1675 660 1715 aarum
675 1675 777 1726 rerum,
790 1674 860 1733 quas
873 1653 959 1714 habe·

116 1738 196 1812 bant,
208 1739 259 1797 sed
272 1738 310 1797 ad
325 1757 406 1816 spem
420 1756 558 1796 novarum
572 1735 742 1814 praedarum
756 1735 956 1794 incitabantur.

30 1821 36 1857 ·'
117 1819 197 1889 Quae
214 1838 279 1877 curn
297 1817 395 1876 audire
415 1816 530 1874 mallem
548 1836 634 1895 quam
650 1815 747 1874 videre
766 1814 959 1893 haberemque

116 1899 162 1958 ius
177 1898 331 1977 legationis
346 1897 477 1968 liberum,
489 1916 523 1954 ea
535 1903 632 1954 mente
645 1894 772 1967 discessi,
783 1901 816 1953 111
829 1894 958 1954 adessem

117 1978 256 2038 Kalendis
266 1975 413 2053 Ianuariis,
421 1977 501 2056 quod
510 1976 626 2037 initium
637 1982 752 2034 senatus
761 1975 885 2053 cogendi
895 1975 961 2034 fore

117 2059 274 2118 videbatur.
708 2085 711 2090 ·

158 2139 212 2198 III
235 2139 261 2198 7.
271 2137 409 2217 Exposui,
417 2143 512 2216 patres
522 2134 883 2214 conscriptIprofeetionis
893 2153 959 2194 oon·
1032 2155 1035 2160 ·

118 2219 230 2278 silium:
252 2239 329 2278 nuno
342 2217 519 2288 reversionis,
531 2235 604 2294 quae
618 2215 682 2292 plus
696 2214 895 2273 admirationis
910 2213 959 2273 110-

118 2299 175 2371 bet,
187 2299 310 2358 breviter
323 2317 474 2377 exponam,
509 2296 585 2354 Cum
598 2294 787 2354 Brundisium
803 2295 914 2372 iterque
927 2294 959 2352 il-

118 2379 176 2450 lud,
192 2379 271 2457 quod
292 2379 394 2438 tritum
416 2378 447 2435 in
468 2375 618 2435 Graeciam
640 2382 692 2445 est,
709 2393 768 2432 non
791 2375 853 2432 sine
875 2393 960 2432 causa

119 2459 289 2528 vitavisscm‚
302 2457 441 2516 Kalendis
457 2455 614 2514 Sextilibus
627 2455 693 2512 veni
707 2453 868 2531 Syracusas,
880 2453 960 2531 quod

119 2537 154 2595 ab
166 2557 199 2596 ea
209 2537 278 2596 urbe
289 2537 466 2596 transmissio
480 2537 510 2593 in
521 2535 670 2594 Graeciam
684 2533 869 2593 laudabatur:
887 2551 959 2610 quae

119 2623 215 2676 tamen
231 2616 299 2675 urbs
319 2617 391 2674 mihi
408 2616 642 2675 coniunctissima
657 2614 722 2692 plus
739 2633 797 2672 una
812 2632 859 2672 me
874 2620 958 2671 noete

120 2697 237 2774 cupiens
253 2697 374 2755 retinere
391 2716 449 2755 non
466 2697 571 2775 potuit
607 2695 726 2755 Veritus
746 2712 809 2752 sum
826 2699 959 2750 1101110110

119 2777 285 2854 repentinus
301 2777 338 2834 ad
352 2796 431 2834 meos
448 2776 623 2838 necessarios
636 2775 776 2834 adventus
792 2772 959 2849 suspitionis

120 2856 229 2934 aliquid
245 2856 378 2928 adferret,
390 2856 414 2913 si
431 2875 521 2914 essem
535 2862 745 2934 commoratus.¹
773 2852 848 2912 Cum
863 2858 962 2910 autem·

120 2956 167 2996 me
183 2956 218 2996 011
235 2935 333 2994 Sicilia
347 2935 385 2994 ad
402 2935 617 3013 Leucopetram,
630 2935 708 3013 quod
729 2940 772 2993 est
792 2937 961 3011 promuntu-

119 3016 195 3075 rium
211 3017 273 3093 agri
289 3016 402 3093 Regini,
415 3015 492 3073 venti
513 3015 690 3086 detulissent,
702 3013 738 3072 ab
754 3031 789 3071 eo
809 3013 874 3072 loeo
895 3030 961 3069 eon-

121 3095 226 3166 scendi,
239 3103 271 3153 ut
284 3096 523 3154 transmitterem:
540 3113 593 3152 nec
607 3094 648 3151 ita
661 3094 784 3151 multum
798 3098 959 3170 provectus,

133 3175 242 3244 “taetus
257 3181 354 3234 austro
370 3193 434 3234 sum
450 3173 480 3232 in
493 3193 561 3235 eum
577 3173 673 3252 ipsum
689 3171 792 3246 locum,
805 3172 881 3232 unde
894 3190 961 3232 eon·
