2240 3418
401 122 480 175 cAP.
494 124 528 176 V.
532 124 638 188 -.,v111
655 123 733 186 §12-
734 127 774 176 18.
962 129 1010 178 289

170 233 310 286 terrarum
334 224 525 303 praesidebat,
538 225 729 298 consulebam,
745 233 778 284 tu
797 226 930 286 homines
949 248 1012 320 per·

170 306 329 364 ditissimos
349 323 415 362 cum
436 303 539 382 gladiis
563 271 758 364 collocavisti.
797 311 843 364 16
861 306 903 364 At
924 309 1011 366 etiam

171 406 256 445 ausus
276 385 417 462 es-quid
438 392 534 442 autem
555 392 599 443 est
620 385 699 463 quod
717 392 750 444 tu
769 404 829 443 non
841 386 1011 446 ἰιιιιιιιι-

170 467 276 524 clivum
293 464 489 542 Capitolinum
507 465 599 523 dicere
619 484 667 522 me
687 464 802 523 consule
819 466 936 543 plenum
957 487 1012 526 ser-

170 565 272 604 vorum
287 551 461 603 armatorum
475 545 572 603 fuisse.
614 544 658 604 Ut
672 544 727 616 illa,
740 544 833 616 credo,
845 546 955 604 nefaria
971 566 1012 605 sc·
1104 567 1107 573 ’

167 633 255 684 ιιιιιιι
279 625 409 683 consulta
431 622 540 696 fierent,
558 625 617 682 vim
638 624 802 683 adferebam
819 627 941 686 senatui.
983 627 1011 686 Ο

169 707 264 777 miser,
277 705 335 763 sive
351 705 400 762 illa
415 703 470 762 tibi
486 712 558 762 nota
572 723 631 762 non
650 704 830 763 sunt—nihil
847 723 924 771 erum
940 705 1011 764 boni

169 784 347 844 nosti—sive
363 791 430 842 sunt
431 785 501 862 ‚qui
516 783 594 861 apud
607 783 718 842 tales
693 803 768 843 vrros
784 792 845 843 tam
861 785 1012 862 impuden-

169 871 214 922 ter
230 864 362 942 loquare!
400 829 471 934 Qiris
487 865 565 922 enim
581 883 668 942 eques
684 863 840 935 Romanae,
853 865 917 941 quis
932 884 1012 942 prae·

169 950 214 1002 ter
232 951 261 1002 te
280 944 444 1003 adolescens
464 944 577 1016 nobilis,
590 944 654 1023 quis
674 944 760 1002 ullius
780 909 897 1017 ordinis
910 945 959 1022 qui
980 965 1010 1004 se

169 1024 261 1082 civem
282 1043 342 1083 esse
362 1025 548 1096 meminisset,
563 1043 629 1082 cum
651 1025 789 1082 senatus'
781 1043 811 1081 m
828 1024 884 1082 hoc
900 1025 1010 1103 templo

170 1104 272 1175 esset,
264 1123 294 1161 ιιι
311 1103 384 1162 clivo
398 1103 564 1182 Capitolino
578 1123 637 1161 non
651 1105 727 1162 fuiti
748 1103 812 1182 quis
827 1123 934 1162 nomen
950 1124 1010 1162 non

99 1233 101 1237 .
131 1235 132 1238 ,
169 1148 269 1242 ιιιιιιιι
289 1202 462 1262 quamquam
483 1203 536 1242 nec
553 1183 660 1242 scribae
681 1182 807 1242 sufficere
827 1201 880 1240 nec
896 1183 1010 1242 tabulae

164 1264 289 1320 nomina
304 1263 418 1321 illomm
433 1281 533 1341 capere
547 1269 711 1341 potuerunt.
755 1263 800 1321 17.
813 1261 929 1320 Etenim
944 1283 1010 1322 cum

169 1343 302 1400 homines
321 1341 424 1401 nefarii
445 1343 481 1400 dc
501 1343 610 1421 patriae
626 1342 778 1421 parricidio
797 1341 1009 1415 confiterentur,
1069 1361 1074 1368 ·

169 1427 349 1481 consciorum
362 1423 485 1494 indiciis,
497 1441 547 1480 sua
559 1442 657 1495 manu,
668 1442 737 1481 voce
747 1441 837 1500 paene
850 1422 1010 1480 litterarum

169 1502 262 1560 coacti
283 1521 313 1560 se
328 1502 428 1560 urbem
449 1502 635 1574 inflammare,
647 1503 723 1561 cives
738 1502 888 1574 trucidare,
899 1508 1010 1560 vastare

169 1581 292 1654 Italiam,
305 1582 399 1641 delere
414 1601 475 1640 rem
491 1582 636 1660 publicam
657 1583 840 1654 consensisse,
853 1582 917 1660 quis
936 1589 1010 1640 esset

170 1663 220 1740 qui
237 1662 274 1720 ad
290 1661 411 1720 salutern
431 1680 614 1721 communem
633 1661 845 1720 defendendam
861 1681 919 1720 non
936 1662 1010 1720 exci-

169 1743 295 1800 tareturl
315 1742 482 1819 pracsertim
498 1761 565 1800 cum
581 1750 696 1800 senatus
712 1742 892 1821 populusque
906 1741 1010 1800 Roma-

134 1835 136 1839 '
169 1840 224 1879 nus
233 1820 351 1880 haberet
362 1821 473 1894 ducem,
482 1821 608 1914 qualis
585 1841 611 1879 ιι
621 1823 671 1900 qui
681 1841 757 1880 nunc
768 1828 849 1894 esset,
856 1821 911 1880 tibi
921 1822 1008 1894 idem,

170 1901 249 1980 quod
265 1901 322 1959 illis
342 1901 455 1973 accidit,
467 1901 642 1978 contigisset
685 1901 735 1960 Ad
755 1902 930 1980 sepulturam
950 1921 1011 1960 cor-

73 2055 77 2062 ·
169 2000 225 2059 pus
241 1981 335 2039 vitrici
351 1981 396 2038 sui
412 1987 499 2058 negat
515 1999 595 2038 ame
612 1981 719 2039 datum.
762 1981 828 2038 Hoc
842 2001 910 2040 vero
924 2001 960 2040 nc
973 1981 1007 2039 P.

170 2061 287 2138 quidem
304 2061 424 2118 Clodius
443 2061 517 2118 dixit
535 2076 689 2137 umquam:
711 2080 806 2138 quem,
818 2061 886 2138 quia
904 2061 966 2119 iure
982 2060 1009 2119 ei

169 2140 303 2198 iuimicus
316 2141 369 2212 fui,
379 2140 463 2199 doleo
477 2147 537 2199 ate
551 2140 685 2198 omnibus
694 2140 773 2198 vitiis
783 2140 841 2197 iam
855 2159 915 2198 esse
929 2159 1010 2217 supe·

169 2227 278 2278 ratum.
310 2226 355 2278 18.
366 2219 424 2289 Qui
437 2227 534 2278 autem
547 2220 602 2278 tibi
613 2220 729 2278 venitin
740 2227 866 2278 mentem
880 2219 1009 2297 redigere

169 2300 201 2357 iu
217 2301 387 2358 memoriam
405 2306 533 2358 nostram
549 2306 579 2358 te
594 2300 675 2358 domi
691 2299 725 2357 P.
735 2299 850 2356 Lantuli
866 2318 926 2356 csse
942 2299 1011 2358 edu-

170 2381 285 2438 catum?
325 2380 373 2438 Αιι
390 2379 523 2438 verebare
542 2398 579 2438 ne
599 2399 658 2437 non
677 2386 851 2473 putaremus
862 2385 1009 2438 naturate

170 2459 297 2537 potuisse
306 2467 367 2518 tam
374 2459 539 2537 improbum
550 2459 712 2531 evadere,
683 2459 739 2516 nisi
749 2458 912 2517 accessisset
922 2459 1010 2517 etiam

170 2539 340 2632 disciplinal
380 2538 464 2598 VIII.
481 2539 554 2596 Tam
575 2546 671 2597 autem
694 2558 755 2597 eras
776 2557 882 2611 excors,
894 2545 928 2596 ιιι
947 2544 1010 2596 tota

110 2643 114 2652 ·
169 2618 201 2676 in
218 2620 347 2677 oratione
360 2625 411 2677 tua
426 2619 544 2678 tecum
536 2638 603 2697 rpse
613 2637 763 2696 pugnares,
775 2637 834 2676 non
847 2618 936 2677 modo
950 2637 1010 2676 non

170 2697 351 2756 cohaerentia
364 2697 439 2756 inter
453 2718 482 2756 se
499 2699 614 2770 diceres,
624 2698 676 2756 sed
687 2699 812 2756 maxime
826 2698 955 2756 diiuncta
969 2705 1011 2756 at

171 2796 226 2855 que
240 2779 389 2850 contraria,
397 2786 430 2837 ut
440 2797 498 2836 non
508 2784 590 2836 tanta
603 2797 725 2849 mecum,
733 2784 839 2855 quanta
849 2776 903 2836 tibi
913 2784 1010 2836 tecum

171 2864 245 2916 esset
261 2859 417 2916 contentio.
449 2858 595 2917 Vitricum
608 2865 691 2916 tuum
707 2857 796 2915 fuisse
813 2857 844 2915 in
857 2864 939 2915 tanto
953 2876 1011 2916 seo

170 2936 228 2996 lere
244 2937 380 3010 fatebare,
392 2955 486 3015 poena
501 2937 647 2995 adfectum
664 2936 825 3015 querebare.
868 2936 921 3008 Ita,
932 2937 1011 3014 quod

170 3018 286 3096 proprie
298 3037 396 3075 meum
410 3025 462 3088 cst,
473 3017 612 3075 laudasti:
630 3016 709 3096 quod
718 3023 814 3075 totum
828 3023 872 3074 est
885 3023 1009 3090 serratus,

171 3097 387 3175 reprehendisti.
433 3097 510 3154 Nam
536 3097 754 3174 comprehensio
781 3097 908 3155 sontium
935 3101 1009 3169 mea',

161 3177 381 3236 animadversio
402 3184 516 3236 senatus
536 3177 602 3235 fuit.
638 3176 739 3235 Homo
756 3175 878 3236 disertus
894 3195 953 3234 non
969 3176 1011 3234 in-
