2262 3418
450 136 743 202 oAr.1.,1r,§1-r.
970 140 1017 189 ua

174 241 252 299 vitae
265 240 405 298 hodierno
419 239 466 298 die
479 240 638 298 maximum
649 241 733 318 cepit,
746 259 812 298 oum
826 259 939 298 summo
953 258 1019 297 con-

177 340 261 379 sensu
276 328 391 378 senatus
403 326 467 396 tum
481 314 652 398 [praeterea]
663 319 771 378 iudicio
784 326 836 378 tuo
850 319 1018 397 gravissimo

177 408 207 458 ot
226 400 361 458 maximo.
404 399 448 456 Ex
469 419 527 477 quo
551 399 682 475 proiecto
703 398 840 478 intelligis
861 405 968 476 quanta
986 399 1026 461 in.

177 481 246 538 dato
260 477 399 538 beneficio
416 480 454 537 sit
467 478 536 550 laus,
549 498 617 536 cum
628 479 659 536 in
676 486 793 558 accepto
811 480 848 537 sit
862 485 943 536 tanta
959 479 1019 555 glo

177 561 226 618 ria
257 559 321 620 ,nst
341 578 408 617 vero
428 559 593 616 fortunatus
614 558 669 630 ille,
685 559 766 616 cuius
790 577 825 616 ex
849 558 938 616 saluta
958 577 1018 615 non

176 639 272 697 minor
287 658 378 716 paene
398 637 435 695 ad
456 657 556 696 omnes
577 656 663 715 quam
676 637 825 716 adipsum
841 644 960 695 ventura
980 638 1019 696 sit
1087 695 1094 704 ,

177 718 286 777 laetitia
298 718 475 796 pervenerit:
497 721 524 776 4.
541 718 620 795 quod
636 718 751 796 quidem
769 717 796 775 ei
812 717 916 775 merito
932 723 1018 794 atque

178 799 290 875 optimo
306 799 367 855 iure
387 797 518 875 contigit.
560 797 631 867 Quis
649 798 725 856 enim
742 804 786 855 est
801 797 851 854 illo
872 803 923 854 aut
938 796 1019 854 nobi-

177 877 258 936 litate
272 885 322 936 aut
332 877 476 956 probitate
489 877 539 934 a'ut
550 877 724 955 optimarum
738 878 843 936 artium
858 876 954 934 studio
968 883 1018 934 aut

178 958 342 1016 innocentia
355 965 405 1016 aut
418 956 477 1015 ullo
490 956 583 1014 laudis
596 975 700 1034 genere
713 956 920 1034 praestantior?

179 1075 180 1078 =
218 1037 256 1094 ΙΙ.
271 1036 386 1116 Nullius
406 1044 519 1095 tantum
535 1035 642 1094 fiumen
662 1043 707 1094 est
722 1037 840 1113 ingenii,
855 1035 961 1093 nullius
977 1036 1019 1093 di-

178 1117 261 1174 oendi
278 1124 328 1175 aut
346 1115 488 1174 scribendi
504 1123 586 1173 tanta
600 1115 652 1188 vis,
666 1122 748 1173 tanta
764 1117 855 1193 copia,
870 1135 943 1193 quae
959 1135 1017 1172 non

178 1197 272 1254 dicam
286 1216 429 1268 exornare,
442 1197 493 1254 sed
506 1215 642 1268 enarrare,
654 1195 686 1254 O.
696 1194 807 1268 Caesar,
820 1214 864 1253 res
880 1202 944 1253 tuas
957 1214 1019 1271 ges

178 1282 222 1334 tas
237 1277 337 1354 possit.
379 1277 487 1334 Tamen
505 1275 624 1333 adfirmo
643 1281 673 1334 et
688 1275 744 1332 hoo
760 1293 831 1351 pace
847 1275 942 1332 dicam
958 1281 1016 1347 tua,

178 1355 285 1414 nullam
306 1356 403 1414 iubis
424 1375 485 1414 esse
509 1355 622 1413 laudem
646 1355 815 1432 ampliorem
838 1373 924 1432 quam
944 1373 1016 1426 eam,

179 1454 265 1512 quam
284 1436 425 1494 hodierno
446 1436 493 1493 die
513 1442 682 1493 consecutus
702 1455 740 1493 es
783 1441 809 1492 5.
828 1433 913 1492 Soleo
934 1453 1018 1512 saepe

179 1523 245 1573 ante
266 1515 363 1574 oculos
384 1534 490 1592 ponere
508 1515 595 1592 idque
615 1514 738 1574 libenter
757 1514 862 1573 crebris
883 1533 1018 1590 usurpare

179 1595 365 1668 sermonibus,
381 1614 480 1653 omnes
503 1602 667 1652 nostrorum
688 1595 902 1671 imperatorum,
919 1613 1026 1658 omnes

179 1682 338 1733 exterarum
354 1675 486 1752 gentium
499 1675 821 1752 potentissimorumque
834 1674 1016 1751 populorum,

179 1773 279 1812 omnes
293 1755 512 1813 clarissimorum
529 1773 629 1831 regum
644 1753 696 1812 res'
705 1761 800 1832 gestas
814 1773 880 1812 oum
894 1753 952 1812 tuis
966 1771 1018 1810 nee

179 1835 397 1892 contentionum
414 1834 614 1912 magnitudine
634 1853 686 1892 nec
707 1853 827 1893 numero
843 1834 1018 1912 proeliomm
1113 1873 1117 1878 -

178 1923 231 1972 nec
245 1915 386 1982 varietate,
394 1915 543 1991 regionum
558 1932 611 1971 neo
625 1913 768 1971 celeritate
782 1913 952 1971 conficiendi
965 1933 1018 1971 nec

179 1993 411 2052 dissimilitudine
421 1993 561 2052 bellorum
574 2012 658 2070 posse
672 1993 803 2064 conferri,
815 2013 868 2050 nec
881 2013 949 2051 vero
963 1993 1019 2050 dis

179 2074 370 2131 iunctissimas
396 2081 485 2132 terras
511 2073 596 2132 citius
619 2072 749 2150 passibus
777 2073 944 2149 cuiusquam
968 2092 1019 2150 po-

178 2155 267 2211 tuisse
283 2154 435 2230 peragrari,
448 2172 534 2230 quarn
550 2153 609 2210 tuis
629 2171 688 2210 non
709 2151 803 2210 dicam
819 2152 955 2223 cursibus,
968 2152 1019 2210 sed

179 2233 307 2290 victoriis
317 2232 451 2290 lustratae
465 2240 539 2291 sunt.
576 2238 603 2291 6.
615 2232 694 2301 Quae
709 2231 825 2308 quidem
839 2251 894 2308 ego
907 2232 964 2289 nisi
978 2232 1019 2289 ita

179 2331 285 2390 magna
305 2331 365 2370 esse
389 2313 487 2384 fatear,
503 2319 537 2370 ut
556 2332 590 2370 ea
609 2313 657 2370 vix
677 2309 845 2388 cuiusquam
865 2330 947 2369 meus
969 2319 1018 2370 aut

180 2393 318 2468 cogitatio
335 2411 436 2471 capere
451 2393 551 2469 possit,
563 2411 661 2449 amens
678 2391 749 2448 sim:
771 2390 821 2448 scd
837 2397 934 2448 tamen
952 2398 1019 2449 sunt

87 2533 89 2537 ,
180 2472 235 2529 alia
248 2472 363 2530 maiora
405 2472 482 2529 Nam
496 2471 610 2531 bellicas
623 2471 721 2530 laudes
735 2471 828 2528 solent
842 2471 959 2549 quidam
973 2491 1020 2529 ex·

180 2559 296 2609 tenuare
316 2551 409 2610 verbis
429 2571 534 2629 easque
553 2550 700 2610 detrahere
721 2550 849 2623 ducibus,
862 2551 1021 2609 communi·

180 2651 243 2690 care
259 2651 325 2689 cnm
338 2631 446 2702 multis,
458 2651 494 2689 ne
510 2631 643 2708 propriae
657 2631 715 2689 sint
728 2631 942 2708 imperatorum.
980 2630 1020 2688 Et

180 2719 255 2770 certe
269 2711 300 2768 in
314 2711 400 2768 armis
416 2711 542 2769 militum
555 2711 653 2782 virtus,
665 2710 793 2769 locorum
808 2710 1018 2788 opportunitas,

180 2791 285 2849 auxilia
299 2792 450 2862 sociorum,
462 2791 573 2862 classes,
584 2797 761 2850 commeatus
774 2791 899 2848 multum
910 2791 1018 2860 iuvant,

179 2872 335 2928 maximam
352 2889 418 2928 vero
438 2876 550 2947 partem
571 2870 651 2948 quasi
670 2889 722 2927 suo
740 2870 801 2927 iure
818 2869 944 2926 For-tuna
965 2869 1020 2947 sibi

180 2950 307 3008 vindicat
325 2958 354 3008 et
373 2949 515 3028 quidquid
530 2968 665 3027 prospere
685 2955 798 3027 gestum
816 2957 866 3020 est,
882 2948 913 3005 id
929 2967 1020 3025 paene

178 3049 266 3088 omne
280 3031 360 3088 ducit
377 3049 467 3087 suum.
506 3029 531 3088 7.
546 3029 590 3087 At
602 3048 669 3087 vero
683 3029 768 3086 huius
782 3027 898 3105 gloriae,
910 3027 942 3086 C.
952 3026 1021 3085 (iae-

180 3129 233 3182 sar,
246 3129 333 3189 quam
349 3109 492 3186 espaullo
513 3113 580 3167 aute
596 3109 725 3186 adeptus,
738 3108 848 3166 socium
864 3107 953 3165 habes
973 3126 1021 3164 ne·

179 3191 303 3248 minem:
325 3196 421 3248 tot-um
435 3187 500 3261 hoo,
510 3195 772 3268 quantumcumque
786 3194 838 3264 est,
851 3187 930 3265 quod
943 3193 1020 3246 certo
