2240 3418
125 101 175 150 262
201 99 242 150 IN
259 99 295 150 M.
309 97 504 150 ANTONIUM
521 97 656 150 ORATIO
672 97 884 149 PHILIPPICA
898 99 936 150 Π.

125 203 217 260 tivae:
239 201 368 280 quiescit
406 200 616 260 Renuntiatur:
637 207 721 260 tacet.
757 201 855 260 Prima
871 201 966 260 classis

125 288 250 353 vocatur,
258 282 454 339 renuntiatur:
472 281 576 340 deinde
586 281 635 352 ita,
645 287 678 339 ιιι
688 281 806 353 adsolet,
816 282 965 359 suffragia:

125 368 189 419 tum
210 361 335 418 secunda
354 360 467 418 classis:
489 375 562 438 quae
582 361 681 418 omnia
700 367 768 418 sunt
786 361 871 419 citius
889 362 968 420 facta

125 461 212 518 quam
227 441 295 498 dixi.
339 447 386 498 83.
402 440 545 498 Confecto
558 441 677 516 negotio
690 441 784 498 bonus
801 441 965 518 augur—O.

76 529 81 538 '
126 518 254 577 Laelium
268 520 488 578 diceres-ruo
506 539 558 578 une
573 521 676 598 inquit.
719 519 967 598 Oimpudentiam

126 599 314 677 singularem!
348 599 426 669 Quid
436 600 566 658 viderasl
587 599 658 677 quid
671 601 816 658 senserasl
837 600 907 678 qnid
920 620 969 658 au·

122 679 236 738 dierasl
270 679 372 758 Neque
388 680 466 738 enim
480 687 509 738 tc
523 681 560 738 dc
573 679 652 738 caelo
665 699 790 738 servasse
803 679 902 737 dixisti
914 699 968 738 nec

125 758 213 816 hodie
229 759 309 818 dicis.
351 759 387 817 Id
403 760 493 837 igitur
509 759 627 818 obvenit
640 760 743 817 vitium
746 759 845 837 ‚quod
860 759 918 817 ιιι
910 779 968 816 ram

125 837 264 896 Kalendis
278 839 418 897 ianuariis
432 840 565 898 futurum
582 857 643 898 esse
659 803 824 916 provideras
840 845 870 896 et
884 846 968 896 tanto

126 925 192 975 ante
202 918 390 995 praedixeras
425 919 504 997 Ergo
517 918 632 977 hercule
645 938 757 996 magna,
769 924 803 976 ut
817 937 908 995 spero,
918 925 970 975 tua

59 1037 61 1040 -
123 998 320 1075 potiusquam
334 999 375 1056 rei
388 997 520 1076 publicae
534 999 695 1057 calamitate
708 999 864 1056 ementitus
877 1017 908 1055 es
921 1017 969 1055 au·

126 1077 231 1154 spicia:
250 1077 429 1136 obstrinxisti
442 1078 581 1156 religione
588 1078 727 1156 populum
738 1077 911 1149 Romanum,
921 1097 970 1135 au·

125 1175 180 1234 gur
195 1157 305 1234 auguri,
315 1158 415 1215 consul
429 1158 539 1224 concidi
555 1157 740 1216 obnuntiasti
783 1157 861 1214 Nolo
877 1156 967 1234 plura,

125 1255 162 1294 nc
183 1244 249 1294 acta
267 1237 434 1296 Dolabellae
454 1238 552 1296 videar
575 1236 742 1309 convellere,
758 1256 830 1314 quae
854 1256 968 1300 necesse

125 1323 169 1374 est
183 1316 337 1394 aliquando
351 1316 389 1375 ad
398 1323 529 1374 nostrum
542 1317 694 1393 collegium
710 1316 882 1374 deferantur.
920 1321 966 1374 84.

126 1393 184 1453 Sed
194 1396 393 1473 adrogantiam
403 1396 530 1456 hominis
540 1396 779 1473 insolentiamque
793 1396 966 1472 cognoscite

124 1473 219 1544 Quam
231 1475 281 1532 diu
292 1483 325 1533 tu
336 1476 421 1546 voles,
431 1477 552 1533 vitiosus
565 1475 664 1533 consul
675 1475 841 1533 Dolabella:
862 1495 966 1546 rursus,

125 1573 192 1612 cum
207 1555 292 1627 voles,
305 1555 389 1612 salvis
402 1556 537 1648 auspiciis
551 1562 669 1613 creatus,
705 1554 737 1612 Si
751 1555 824 1612 nihil
838 1561 889 1625 est,
901 1573 967 1612 cum

125 1635 262 1712 auguriis
273 1635 366 1693 verbis
380 1635 503 1706 nuntiat,
513 1634 617 1712 quibus
628 1641 660 1691 tu
674 1635 823 1706 nuntiasti,
833 1633 968 1692 confitere

121 1721 162 1785 te,
173 1733 239 1771 cum
251 1733 321 1772 ιιιο
336 1734 388 1771 nra
403 1714 517 1786 dixeris,
529 1714 657 1771 sobrium
671 1732 730 1770 non
740 1713 847 1772 fuisse:
868 1713 913 1770 sin
924 1720 968 1771 cst

125 1759 278 1870 aliquavis
294 1794 325 1850 in
341 1793 405 1852 istis
419 1793 521 1866 verbis,
533 1813 567 1852 ea
580 1812 653 1871 quac
669 1793 708 1850 sit
723 1811 815 1870 augur
827 1812 846 1850 ι
858 1793 968 1871 collega

125 1892 155 1930 re
175 1892 246 1931 urro.

156 1892 246 2010 qSed
244 1971 281 2010 ne
301 1951 378 2010 forte
399 1971 434 2010 ex
456 1952 557 2010 multis
576 1951 661 2010 rebus
682 1923 772 2028 gestis
792 1950 835 2008 M.
843 1950 967 2009 Antonii

124 2051 185 2090 rem
201 2051 289 2090 unam
305 2032 527 2110 pulchenimam
543 2032 684 2089 transiliat
698 2031 799 2102 oratio,
810 2031 849 2088 ad
862 2031 968 2108 Luper

125 2112 197 2170 calia
219 2113 375 2171 veniamus.
417 2111 561 2170 XXXIV.
584 2111 652 2169 Non
681 2075 851 2181 dissimilet,
871 2122 968 2187 patres

20 2261 23 2268 .
99 2193 296 2270 conscripti.
318 2198 437 2269 apparet
457 2210 518 2248 esse
538 2197 735 2248 commotum·
759 2189 852 2261 sudat,
867 2189 964 2267 pallet

125 2270 281 2343 Quidlibet,
297 2272 385 2329 modo
406 2281 448 2328 ne
462 2278 588 2342 nauseet,
600 2270 696 2340 faciat,
709 2269 811 2346 quod'
804 2288 834 2326 ιιι
852 2269 968 2346 porticu

13 2401 14 2406 ,
125 2349 279 2409 Minucial
265 2352 344 2410 lecit
386 2349 466 2420 Quae
479 2357 577 2428 potest
590 2368 651 2408 esso
664 2313 853 2426 trirpitudinis
869 2355 968 2406 tantae

124 2430 273 2489 defensiol
314 2431 409 2509 Cupio
425 2430 531 2502 audire,
544 2437 577 2487 ιιι
593 2429 714 2500 videam,
725 2427 776 2485 ubi
789 2427 854 2486 rhet
841 2428 911 2486 toris
928 2428 969 2486 sit

124 2516 187 2568 tant
188 2529 205 2566 a
218 2529 333 2582 merces,
346 2510 377 2569 id
390 2516 441 2581 est,
453 2510 504 2567 ubi
518 2529 636 2587 campus
650 2473 807 2566 Ireobtinus
821 2497 966 2584 appareat.

126 2595 171 2646 85.
184 2589 329 2648 Sedebat
321 2609 352 2647 ιιι
363 2590 462 2647 rostris
475 2588 585 2667 collega
598 2596 673 2660 tuus,
684 2586 805 2646 amictus
818 2593 888 2663 toga
901 2605 969 2663 pur-

124 2686 220 2744 purea,
230 2669 261 2726 in
275 2668 343 2728 sella
356 2687 448 2736 aurea,
458 2676 619 2727 coronatus
651 2666 797 2738 Escendis‚
807 2665 918 2724 accedis
929 2665 969 2723 ad

13 2769 14 2820 3
124 2746 305 2804 sellam-ita
321 2766 382 2804 eras
398 2747 551 2825 Lupercus,
564 2754 598 2805 ut
613 2754 642 2805 tc
659 2746 805 2805 consulem
827 2763 887 2802 esse
906 2763 970 2802 me-

13 2823 14 2886 l
123 2825 242 2884 minisse
263 2825 554 2884 deberes-diadema
573 2826 708 2884 ostendis.
751 2825 884 2883 Gemitus
900 2830 968 2882 toto

124 2902 198 2960 loro
239 2904 327 2962 Unde
344 2904 494 2962 diademal
534 2905 564 2962 N
564 2924 602 2963 cn
619 2905 696 2962 enim
713 2904 857 2980 abiectum
874 2910 969 2960 sustu-

124 2979 203 3051 leras,
216 2983 267 3040 sed
283 2983 417 3040 attuleras
431 2983 527 3041 domo
570 2983 691 3041 Meditat
679 2991 742 3041 tum
759 2991 788 3042 et
805 2984 968 3060 cogitatum

125 3059 222 3117 scelus.
264 3061 310 3117 iu
330 3061 462 3118 diadema
481 3062 649 3139 imponebas
670 3081 734 3120 cum
756 3062 894 3140 plangore
914 3081 969 3139 po-

13 3161 14 3166 *
123 3136 202 3212 puli:
223 3137 271 3196 illc
284 3157 350 3196 cum
364 3139 466 3222 plausu
479 3141 632 3200 reiiciebat.
668 3141 712 3199 Τιι
727 3161 795 3218 ergo
809 3161 893 3214 unus,
908 3160 968 3199 sce-
