2262 3418
133 99 180 149 174
267 96 338 148 PRO
355 97 385 148 T.
401 96 516 149 ANNIO
532 97 672 148 MILONE
688 96 832 149 ORATIO.

132 217 213 256 mum
227 216 287 256 esse
300 198 460 275 praemium
474 197 609 274 gloriam:
631 216 692 256 esse
704 197 779 256 hano
793 217 889 270 unam,
900 219 974 278 quae

132 277 301 335 brevitatem
318 278 394 336 vitae
413 277 590 354 posteritatis
610 278 749 336 memoria
769 278 972 352 consolaretur,

56 393 58 398 .
133 376 205 435 quae
221 355 344 415 efficeret
360 364 393 415 ut
408 356 539 415 absentes
557 357 727 429 adessemus,
742 359 850 416 mortui
868 359 975 417 vivere·

132 455 214 494 mus:
231 436 304 494 hanc
319 436 442 513 denique
456 456 516 494 esse
530 437 611 511 cuius
620 437 757 515 gradibus
767 438 854 495 etiam
868 438 899 495 in
913 458 974 496 cae·

132 516 193 574 lum
213 516 345 574 homines
360 516 524 574 viderentur
539 517 697 575 ascendere.
741 522 786 575 98.
802 516 848 575 De
864 519 975 590 mc,in-

133 597 204 674 quit,
215 615 326 674 semper
336 596 460 674 populus
470 595 625 668 Romanus,
633 616 746 674 semper
759 616 859 654 omnes
872 605 974 675 gentes

132 676 293 753 loquentur,
303 676 382 734 nulla
391 695 528 753 umquam
539 676 718 735 obmutescet
728 682 861 735 vetustas
894 675 972 746 Quin

132 755 188 813 hoo
205 763 335 833 ternpore
351 755 423 834 ipso,
436 775 501 814 cum
518 775 618 814 omnes
634 776 652 813 a
666 757 739 814 meis
755 757 880 814 inimicis
894 756 974 815 iaces

66 856 68 862 ’
132 835 257 893 invidiae
272 854 351 894 meae
364 835 558 908 subiiciuntur,
570 843 667 893 tamon
682 837 761 893 omni
775 836 805 893 in
819 836 972 894 hominum

132 922 217 972 coetu
233 915 333 992 gratiis
349 915 467 992 agendis
483 922 513 973 et
531 915 770 993 gratulationibus
785 915 927 974 habendis
941 924 973 975 et

133 994 360 1054 omni'sermoue
380 994 561 1054 celebramur.
603 995 716 1054 Omitto
733 996 864 1054 Etruriae
880 996 973 1054 festos

132 1081 162 1132 et
175 1081 254 1132 actos
268 1082 297 1133 et
307 1075 454 1132 institutos
468 1075 545 1133 dies:
567 1075 722 1133 centesima
734 1075 783 1133 lux
798 1083 841 1134 est
850 1075 922 1134 haec
934 1077 972 1134 ab

132 1154 250 1213 interitu
263 1154 297 1213 P.
306 1153 401 1212 Clodii
415 1162 452 1225 et,
462 1155 573 1233 opinor,
581 1155 684 1214 altera:
707 1174 763 1233 qua
773 1155 843 1213 fines
857 1157 971 1234 imperii

132 1234 233 1312 populi
246 1233 371 1292 Romani
385 1241 459 1306 suut,
471 1254 505 1292 ea
518 1254 576 1292 non
591 1235 684 1292 solum
697 1236 776 1293 fama
789 1236 847 1293 iam
861 1236 897 1294 de
911 1236 971 1308 illo,

132 1314 291 1373 sedetiam
314 1313 424 1372 laetitia
446 1315 614 1392 peragravit.
656 1314 750 1384 Quam
774 1315 812 1373 ob
836 1335 896 1374 rem
920 1316 972 1374 ubi
991 1388 994 1396 Ι

21 1431 22 1434 =
42 1391 46 1396 “
132 1394 305 1472 corpushoe
320 1394 357 1452 sit
371 1414 438 1466 non,
450 1395 552 1472 inquit,
564 1394 671 1467 laboro,
683 1396 820 1473 quoniam
837 1395 973 1454 omnibus

132 1474 162 1531 in
176 1475 258 1532 terris
272 1481 302 1533 et
314 1474 373 1532 iam
387 1482 513 1533 versatur
526 1481 556 1533 et
566 1494 677 1554 semper
690 1475 832 1534 habitabit
845 1476 973 1535 nominis

131 1554 190 1612 mei
204 1554 302 1631 gloria

172 1635 317 1696 XXXVI.
353 1640 400 1694 99.
415 1635 496 1694 Haeo
512 1643 545 1694 tu
562 1655 675 1694 mecum
692 1656 776 1716 saepe
789 1637 835 1696 his
849 1637 973 1697 absenti—

132 1714 194 1787 bus,
210 1716 260 1773 sed
276 1715 377 1774 iisdem
399 1717 581 1775 audientibus
600 1717 670 1776 haec
691 1737 746 1796 ego
762 1725 866 1791 tecum,
881 1718 971 1776 Milo:

131 1794 174 1852 Te
185 1795 310 1872 quidem,
322 1815 388 1853 cum
398 1797 455 1854 isto
469 1797 566 1854 auimo
580 1816 618 1869 es,
631 1797 699 1855 satis
712 1797 826 1856 laudare
840 1817 898 1856 non
907 1817 973 1876 pos-

131 1894 204 1946 sum,
215 1875 273 1947 sed,
286 1895 343 1952 quo
358 1883 401 1934 est
416 1876 466 1933 illa
480 1877 573 1953 magis
590 1877 687 1935 diviua
702 1878 799 1950 virtus,
812 1897 846 1936 eo
862 1879 972 1936 maiore

131 1973 150 2011 a
165 1961 194 2012 te
211 1954 310 2013 dolore
326 1955 453 2014 divellor.
496 1955 557 2014 Nec
573 1976 649 2028 ver0,
661 1957 685 2014 si
701 1957 774 2014 mihi
793 1958 919 2034 eriperis,
929 1977 973 2016 re·

131 2033 210 2112 liqna
226 2042 269 2093 est
285 2035 334 2092 illa
349 2042 446 2093 tamen
462 2035 500 2093 ad
513 2036 719 2094 consolandum
736 2038 867 2115 querella,
878 2037 972 2095 uthis

131 2113 214 2172 irasci
224 2115 484 2193 possim,aquibns
493 2121 607 2173 tantum
617 2115 719 2174 vulnus
730 2135 872 2194 accepero.
902 2117 971 2175 Non

131 2194 209 2251 enim
229 2195 339 2252 inimici
359 2196 417 2253 mei
437 2201 467 2252 te
487 2194 560 2252 mihi
582 2196 711 2272 eripient,
727 2196 777 2254 sed
790 2197 970 2270 amicissimi,

131 2292 190 2330 nou
200 2274 274 2332 male
284 2274 438 2352 aliquando
449 2275 485 2333 de
495 2294 542 2332 me
552 2275 655 2347 meriti,
668 2276 719 2333 sed
729 2291 841 2354 semper
851 2278 970 2354 optime.

131 2353 251 2410 Nullum
265 2372 412 2432 umquam,
422 2355 539 2425 iudices
549 2354 622 2412 mihi
638 2362 752 2413 tantum
766 2355 894 2420 dolorem
908 2357 973 2414 inu-

130 2433 294 2491 retis-etsi
316 2434 380 2511 quis
401 2441 498 2511 potest
521 2453 581 2492 esse
605 2435 811 2493 tautusl-—sed
832 2455 869 2494 ne
893 2435 972 2494 hunc

132 2512 248 2588 quidem
265 2512 369 2592 ipsum,
382 2513 581 2572 ut·obliviscar
595 2515 695 2592 quanti
710 2534 758 2572 me
772 2534 884 2592 semper
897 2515 973 2574 iece-

130 2592 201 2650 ritis.
244 2591 323 2662 Quae
337 2593 362 2650 si
375 2613 426 2651 vos
442 2594 519 2671 cepit
533 2594 640 2652 oblivio
653 2602 704 2653 aut
717 2595 741 2652 si
754 2595 785 2652 iu
800 2615 846 2652 me
860 2595 972 2673 aliquid

131 2671 300 2744 offendistis,
309 2692 359 2730 cur
372 2692 431 2730 non
445 2673 476 2730 id
488 2685 555 2731 meo
566 2675 659 2751 capite
670 2675 767 2752 potius
781 2675 869 2733 luitur
883 2694 970 2753 quam

131 2750 265 2810 Milonis?
306 2752 451 2812 Praeclare
468 2754 545 2810 enim
562 2754 667 2826 vixere,
679 2755 703 2812 si
720 2754 791 2832 quid
806 2755 879 2812 mihi
899 2754 972 2812 aeci-

131 2831 205 2889 derit
215 2832 294 2909 prius
306 2850 391 2909 quam
401 2833 456 2890 hoc
467 2841 580 2892 tanturn
590 2834 659 2891 mali
670 2834 776 2892 videro.
810 2840 875 2892 100.
885 2834 971 2892 Nune

130 2929 177 2968 me
194 2931 251 2968 una
267 2911 425 2970 consolatio
441 2920 589 2985 sustentat,
602 2913 680 2990 quod
694 2914 757 2986 tibi,
765 2914 797 2972 T.
807 2913 897 2985 Anni,
908 2913 972 2971 nul-

131 2989 190 3048 lum
205 3010 222 3047 a
235 3009 282 3048 me
296 2993 408 3063 amoris,
420 2993 530 3050 nullum
548 2994 643 3065 studii,
656 2993 766 3071 nullum
780 2994 898 3071 pietatis
910 2993 972 3051 offi-

131 3070 208 3126 cium
224 3069 326 3129 defuit.
368 3071 431 3149 Ego
447 3072 613 3130 inimicitias
629 3074 793 3150 potentium
808 3093 862 3150 pro
876 3079 907 3132 te
922 3091 972 3150 ap

130 3147 228 3224 petivi,
240 3167 295 3226 ego
308 3168 405 3208 meum
419 3170 503 3229 saepe
517 3164 620 3229 corpus
634 3159 663 3210 et
673 3153 763 3211 vitam
777 3153 870 3211 obieci
880 3149 972 3212 'urnis
