2262 3418
351 145 429 197 car.
446 145 680 208 uma-xxxi,
697 143 711 206 a
726 148 816 197 acac.
957 138 1006 197 rea

163 249 205 308 sol
226 248 274 306 ille
294 267 347 306 nec
368 246 437 306 caeli
454 247 658 324 signorumque
678 253 775 304 motus
795 266 848 306 nec
867 248 1005 307 vicissitu-

163 329 244 388 dines
265 347 359 385 rerum
380 333 466 404 atque
487 326 601 384 ordines
621 333 740 384 movent
759 346 860 405 neque,
876 327 907 384 id
926 330 1004 405 qnod

162 408 321 466 maximum
336 413 387 478 est,
399 407 541 464 maiorum
554 406 702 483 sapientia,
719 407 768 483 qui
783 427 868 479 sacra,
881 407 930 484 qui
944 428 1005 466 cae-

162 488 306 559 rimonias,
320 487 369 564 qui
391 486 518 564 auspicia
535 492 564 543 et
580 485 636 562 ipsi
657 487 834 544 sanctissime
855 486 1004 547 coluerunt

163 574 192 626 et
206 567 290 625 nobis
304 567 362 624 suis
373 565 495 643 posteris
505 565 701 643 prodiderunt
737 565 851 624 XXXL
881 573 927 624 84.
940 567 1001 639 Est,

163 653 206 705 est
216 646 347 724 profecto
362 645 450 702 illa
423 665 474 718 ιιι,
486 664 579 723 neque
593 645 623 702 in
633 644 679 702 his
693 646 859 723 corporibus
872 649 980 740 atque'
972 668 1002 704 ιιι

162 727 216 784 hac
236 725 433 784 imbecillitate
453 730 551 783 nostra
571 725 646 782 inest
661 725 798 802 quiddam
813 727 891 803 quod
907 727 1003 804 vigeat

85 857 87 862 .
163 812 192 864 et
206 807 318 878 sentiat,
330 812 360 864 et
370 825 429 862 non
439 805 535 862 inest
528 823 558 861 ιιι
568 803 624 862 hoc
634 811 716 862 tanto
727 813 844 863 naturae
854 813 914 864 tam
925 825 1003 884 p·rae

156 884 238 944 ‘claro
252 892 342 944 motu.
378 884 442 942 Nisi
458 885 534 942 forte
548 884 655 942 idcirco
668 904 728 942 non
738 892 850 962 putant,
863 886 930 962 quia
943 906 1002 942 non

141 968 282 1043 'apparet
298 985 351 1022 nec
371 965 503 1036 cernitur,
518 964 640 1042 proinde
661 965 742 1042 quasi
762 973 889 1023 nostram
910 966 1002 1058 ipsam

162 1051 298 1136 mentem,
309 1064 365 1122 qua
379 1044 513 1122 sapimus,
525 1063 581 1120 qua
590 1045 782 1122 providemus,
793 1055 849 1122 qua
859 1045 947 1102 hacc'
940 1065 1003 1122 ipsa

163 1125 275 1202 agimus
296 1144 328 1182 ac
348 1124 479 1196 dicimus,
492 1123 587 1182 videre
603 1130 653 1184 aut
668 1123 756 1218 plane
774 1124 865 1202 qualis
886 1131 935 1182 aut
951 1125 1002 1182 ubi

163 1205 201 1262 sit
215 1204 319 1262 sentire
336 1204 486 1282 possimus.
528 1203 610 1260 Ea
584 1223 627 1262 vrs
643 1204 756 1281 igitur
748 1223 819 1281 ipsa,
832 1223 904 1281 quae
918 1224 1002 1281 saepe

163 1284 343 1342 incredibiles
358 1283 426 1341 huic
443 1283 507 1341 urbi
527 1283 680 1341 felicitates
700 1290 786 1360 atque
805 1303 874 1360 opes
895 1284 1000 1356 attulit,

162 1363 241 1422 illam
265 1363 421 1456 perniciem
445 1363 583 1421 exstinxit
607 1383 639 1421 ac
664 1363 787 1435 sustulit,
805 1363 851 1422 cui
876 1363 1002 1440 primum

163 1449 290 1502 mentem
308 1443 414 1524 iniecit,
427 1449 459 1502 ut
473 1443 502 1501 vi
518 1443 628 1500 irritare
645 1442 778 1520 ferroque
794 1443 928 1504 lacessere
944 1443 1002 1501 for-

163 1523 307 1581 tissimum
325 1515 418 1580 virum
434 1523 552 1580 auderet
568 1523 783 1615 vincereturque
800 1523 835 1581 ab
857 1542 899 1594 ec,
916 1542 1001 1615 quem

164 1603 188 1660 si
204 1603 326 1674 vicisset,
337 1602 487 1660 habiturus
503 1609 577 1660 esset
592 1603 795 1679 impunitatem
812 1609 841 1660 et
857 1602 951 1660 licent'
931 1609 1002 1659 t1am

163 1682 374 1759 sempiternam.
414 1688 460 1740 85.
476 1682 543 1740 Non
558 1689 601 1740 est
614 1682 741 1740 humano
756 1683 883 1754 consilio,
896 1701 931 1740 ne
945 1701 1003 1739 me·
1082 1689 1083 1692 ’

163 1762 254 1819 diocri
265 1762 390 1838 quidem,
402 1761 518 1834 iudices,
528 1762 648 1820 deorum
662 1763 867 1830 immortalium
882 1782 948 1820 eura
958 1781 1002 1819 res

163 1841 213 1898 illa
222 1842 357 1919 perfecta
393 1841 558 1918 Religiones
571 1841 731 1900 mehercule
741 1842 828 1919 ipsae,
841 1861 913 1919 quae
924 1841 1002 1899 illam

163 1920 276 1978 beluam
291 1921 390 1979 cadere
401 1921 542 1994 viderunt,
555 1933 714 1979 commosse
728 1941 758 1978 se
769 1922 902 1980 videntur
915 1928 944 1979 et
957 1922 1002 1978 ius

163 2001 194 2057 iu
211 2000 261 2058 illo
279 2020 362 2058 sunm
381 2001 538 2060 retinuisse.
580 2001 643 2059 Vos
660 2001 737 2058 enim
758 2001 824 2073 iam,
836 2001 943 2058 Albani
959 2008 1002 2058 tu·

163 2080 234 2138 muli
249 2086 334 2159 atque
345 2080 409 2153 luci,
420 2101 479 2151 vos,
489 2080 615 2158 inquam,
628 2080 750 2157 imploro
765 2087 851 2158 atque
865 2081 1001 2152 obtestor,

145 2167 279 2238 ⁴vosque,
297 2159 476 2218 Albanorum
501 2160 619 2218 obrutae
644 2179 715 2230 arae,
734 2179 877 2217 sacrorum
901 2160 1002 2237 populi

164 2239 288 2298 Romani
302 2241 394 2298 sociae
407 2246 436 2298 et
446 2239 584 2317 aequales,
595 2259 666 2333 quae
677 2239 724 2296 ille
732 2258 867 2316 praeceps
878 2247 974 2296 ament
975 2240 1003 2297 ia

164 2320 251 2376 caesis
261 2320 467 2398 prostratisque
481 2319 666 2377 sanctissimis
676 2319 748 2376 lucis
758 2318 1002 2376 substructionum

164 2399 270 2456 insanis
289 2398 414 2457 molibus
430 2405 625 2476 oppresserat:
646 2406 756 2456 vestrae
772 2404 843 2470 tum,
859 2417 931 2470 arae,
944 2418 1003 2456 ves·

163 2484 224 2536 trae
240 2479 392 2555 religiones
406 2479 567 2556 viguerunt,
578 2485 673 2536 vestra
685 2478 728 2536 vis
744 2478 841 2548 valuit,
855 2497 940 2555 quam
955 2478 1003 2536 illc

164 2558 245 2616 omni
263 2558 365 2616 scelere
386 2558 542 2636 polluerat:
564 2565 653 2636 tuque
673 2577 708 2616 ex
722 2563 773 2616 tuo
794 2522 873 2616 edito
894 2565 1001 2629 monte,

164 2636 284 2695 Latiaris
295 2644 392 2695 sancte
402 2637 541 2715 Iuppiter,
551 2638 631 2696 cuius
641 2637 690 2695 ille
700 2637 785 2710 lacus,
795 2657 913 2695 nemora
923 2637 1004 2694 fines-

105 2769 108 2776 .
165 2735 220 2793 que
237 2736 320 2794 saepe
337 2718 417 2774 omni
433 2718 543 2775 nefario
560 2723 659 2795 stupro
676 2724 705 2774 et
722 2717 824 2776 scelere
838 2717 1001 2788 macularat,

164 2795 317 2874 aliquando
332 2796 369 2854 ad
383 2816 448 2854 cum
462 2797 656 2874 poeniendum
671 2796 768 2854 oculos
782 2797 934 2874 aperuisti:
956 2815 1004 2852 vc-

163 2874 209 2934 bis
225 2876 298 2948 illac,
309 2876 391 2934 vobis
407 2883 501 2934 vestro
520 2876 551 2933 in
572 2882 727 2954 conspectu
746 2895 830 2946 serae,
847 2876 897 2932 sed
913 2876 1003 2932 iustae

164 2961 261 3014 tamen
275 2962 305 3013 et
315 2955 428 3015 debitae
437 2975 546 3033 poenae
560 2955 669 3014 solutae
684 2961 757 3013 sunt.
795 2960 840 3012 86.
853 2954 917 3012 Nisi
927 2955 1003 3011 forte

164 3033 220 3092 hoe
237 3036 324 3093 etiam
341 3055 407 3093 casu
423 3035 534 3093 factum
551 3054 611 3092 esse
628 3036 764 3106 dicemus,
775 3040 808 3091 ut
825 3040 891 3091 ante
908 3035 1003 3110 ipsum

164 3115 317 3173 sacrarium
331 3115 432 3173 Bonae
452 3116 529 3187 deae,
546 3115 623 3192 quod
644 3122 688 3172 est
708 3115 738 3171 in
759 3114 851 3171 fundo
872 3113 904 3172 T.
918 3113 1003 3171 Sestii

164 3194 248 3268 Galli,
264 3195 294 3252 in
310 3195 412 3272 primis
431 3194 545 3254 honesti
566 3202 596 3253 et
612 3195 705 3254 ornati
725 3193 922 3268 adolescentis,
937 3200 1004 3252 ante

300 3293 335 3345 14
