2262 3412
112 127 145 176 60
269 127 310 177 IN
326 127 357 177 L.
371 122 576 176 CATILINAM
592 123 726 176 ORATIO
741 125 794 177 111.
825 167 826 170 ι
877 121 879 125 ’

111 225 248 306 putabat:
268 226 342 284 nihil
358 232 420 285 erat
433 227 512 305 quod
525 245 584 284 uon
597 227 659 304 ipse
674 225 766 285 obiret
782 234 949 308 occurreret,
959 255 987 263 -

112 307 243 386 vigilaret
256 306 404 366 laboraret
439 307 550 384 Frigus,
563 307 649 379 sitim,
662 307 769 364 famem
783 307 858 365 ferre
871 316 952 386 pote-
1030 328 1038 333 ·

111 395 164 446 rat
208 387 253 446 17.
270 387 358 445 Hunc
375 405 429 464 ego
442 386 590 444 homiuem
604 394 664 444 tam
679 385 853 457 ceremiam
867 388 952 445 auda-

60 485 62 491 ’
113 486 183 540 cem,
195 473 255 524 tam
269 473 409 545 paratum,
421 473 482 524 tam
493 466 636 538 callidum,
647 473 708 524 tam
722 466 752 524 in
768 466 872 524 scelere
881 467 952 544 vigi-

112 547 228 618 lantem,
239 553 300 604 tam
314 547 344 603 iu
358 546 479 624 perditis
492 546 578 604 rebus
594 545 770 623 diligentem,
783 546 840 603 nisi
854 565 888 604 ex
902 546 952 604 do

112 627 239 684 mesticis
258 626 370 683 insidiis
389 626 420 683 in
441 633 581 684 castrense
599 625 780 683 latrocinium
801 626 979 703 compulisa

113 725 181 778 sem,
194 707 288 764 dicam
304 706 344 778 id,
357 705 435 782 quod
447 689 865 776 seulffisQuiritessrldfffacilc
878 706 951 763 hanc

112 792 223 843 tantam
239 785 345 842 molem
362 785 431 842 mali
447 804 465 842 a
480 785 580 842 vestris
596 784 753 842 cervicibus
769 785 949 862 depulissem.

113 865 181 923 Non
197 865 245 922 ille
261 864 345 923 nobis
365 863 526 922 Saturnalia
546 864 749 936 constituisset,
760 883 853 942 neque
869 871 951 922 tanto

92 947 179 1160 &aa
200 944 280 1002 exitii
296 963 329 1002 ac
349 944 404 1001 fati
420 944 498 1001 diem
514 944 556 1001 rei
575 927 707 1022 publi—me
727 944 952 1002 denuntiavisset

134 1042 206 1101 eque
220 1023 417 1095 commisisset,
429 1030 462 1081 ut
476 1024 599 1101 siguum,
610 1030 644 1081 ut
657 1024 768 1092 litterae
785 1043 851 1082 suae
865 1031 952 1082 testes

144 1103 260 1161 anitesti
274 1103 386 1161 sceleris
399 1103 686 1181 deprehenderentur.
722 1103 801 1172 Quae
815 1123 891 1161 nunc
901 1104 952 1162 illo

113 1183 230 1241 absente
246 1184 287 1241 sic
307 1191 388 1261 gesta
408 1191 482 1256 sunt,
497 1191 531 1242 ut
551 1183 661 1241 nullum
681 1185 712 1240 in
733 1184 844 1261 privata
864 1183 952 1242 domo

109 1263 224 1322 ¹furtum
238 1283 375 1341 umquam
389 1263 427 1321 sit
437 1271 497 1321 tam
508 1263 602 1340 palam
614 1264 771 1334 inventum,
782 1282 868 1340 quam
882 1263 952 1322 haec

112 1349 195 1402 tanta
210 1343 240 1400 in
257 1363 288 1401 re
304 1343 420 1420 publica
436 1343 594 1401 coniuratio
610 1343 766 1400 manifesto
782 1343 900 1401 inventa
912 1350 954 1401 at·

114 1442 169 1501 que
178 1423 354 1501 deprehensa
364 1430 414 1482 est.
446 1423 532 1491 Quod
543 1423 566 1480 si
577 1422 701 1480 Catilina
711 1423 742 1480 in
752 1422 823 1481 urbe
833 1423 870 1480 ad
878 1423 953 1482 hanc

113 1502 191 1561 diem
212 1522 310 1560 seman
327 1503 332 1516 '
379 1510 392 1560 t
418 1521 601 1580 quamquam,
619 1502 714 1580 quoad
735 1503 800 1575 fuit,
819 1503 953 1561 omnibus

113 1583 175 1641 eius
195 1521 450 1640 oonsssffimlecurri
471 1589 556 1660 atque
576 1582 684 1654 obstiti,
699 1590 805 1654 tamen,
820 1590 853 1640 ut
873 1583 954 1641 levis-

113 1663 185 1722 sime
199 1662 301 1733 dicam,
312 1662 506 1720 dimicandum
517 1661 600 1720 nobis
611 1681 677 1720 cum
686 1662 737 1720 illo
747 1663 850 1721 fuisset
859 1597 975 1766 nequell

112 1761 167 1800 nos
186 1761 332 1820 umquam,
347 1726 492 1800 dumille
508 1743 538 1798 in
562 1740 633 1800 urbe
656 1741 748 1800 hostis
768 1749 850 1814 esset,
864 1743 953 1800 tantis

113 1821 247 1900 periculis
262 1840 323 1879 rem
339 1821 484 1898 publicam
499 1827 581 1880 tanta
596 1841 675 1900 pace,
686 1828 768 1880 tauto
790 1823 859 1896 otio,
870 1829 953 1880 tanto

114 1903 227 1960 silentio
241 1901 444 1960 liberassemus

154 1981 237 2040 VIII.
275 1987 320 2040 18.
345 1981 526 2060 Quamquam
544 1981 615 2040 haec
637 1981 742 2054 omnia,
761 1981 894 2054 Quirites,
911 1982 954 2040 ita

114 2068 181 2119 sunt
204 2081 222 2119 a
244 2081 291 2119 mc
315 2061 520 2134 administrata,
539 2069 573 2120 ut
600 2062 719 2120 deorum
747 2063 952 2120 immortalium

113 2149 187 2200 nutu
203 2146 290 2220 atquc
306 2142 425 2199 consilio
442 2149 471 2199 et
487 2148 568 2220 gesta
588 2148 618 2200 et
633 2143 748 2219 provisa
763 2161 824 2200 esse
840 2143 954 2200 videau-

113 2227 175 2280 tur:
197 2221 284 2300 idque
298 2241 363 2279 cum
378 2221 541 2300 coniectura
554 2221 690 2298 consequi
702 2241 862 2299 possumus,
875 2221 953 2299 quod
1050 2255 1055 2258 -

114 2302 162 2359 vix
179 2301 292 2361 videtur
307 2301 426 2359 humani
447 2301 558 2359 consilii
573 2308 717 2359 tantarum
739 2320 832 2358 rerum
853 2301 954 2378 guber-

114 2381 194 2440 natio
209 2400 269 2440 csse
278 2360 578 2459 potuisseffivero
592 2381 634 2438 ita
646 2386 809 2458 praesentes
822 2380 869 2438 his
882 2387 954 2438 tem-

114 2461 233 2539 poribus
243 2480 328 2539 opem
339 2469 368 2518 et
376 2459 513 2520 auxilium
524 2459 608 2518 nobis
618 2459 752 2528 tulerunt,
762 2467 795 2517 ut
804 2479 853 2518 eos
862 2477 953 2538 paene

115 2541 205 2598 oculis
218 2541 315 2599 videre
328 2560 484 2618 possemus.
526 2541 556 2598 N
556 2560 602 2598 am
616 2546 650 2598 ut
662 2539 711 2597 illa
725 2540 867 2612 omittam,
880 2540 954 2598 usas

114 2626 256 2678 nocturno
280 2627 410 2698 tempore
434 2621 470 2678 ab
494 2621 642 2678 occidente
665 2620 743 2678 faces
767 2620 954 2698 ardoremque
982 2654 985 2697 t

115 2699 194 2782 cadi,
203 2706 237 2757 ut
250 2699 405 2758 fulminum
418 2701 518 2773 iactus,
528 2707 561 2758 ut
571 2707 661 2758 terrae
674 2706 772 2758 motus
785 2701 952 2779 relinquam,
981 2706 983 2716 ¹

116 2786 149 2837 nt
174 2780 307 2838 omittam
331 2787 431 2852 cetera,
450 2800 522 2858 quae
546 2781 587 2838 ita
609 2780 703 2838 multa
725 2780 810 2838 nobis
833 2780 955 2838 consuli-

115 2859 170 2918 bus
183 2860 261 2918 facta
274 2866 348 2931 sunt,
361 2868 394 2919 ut
403 2861 481 2932 haec,
492 2879 564 2940 quae
575 2880 651 2918 nunc
660 2860 742 2933 fiunt,
752 2879 851 2919 canere
862 2846 956 2918 (Πη-

115 2940 250 2999 mortales
269 2941 441 3027 vidffiutur,
458 2940 514 2999 hoc
538 2948 621 3013 certe,
637 2939 769 3012 Quirites,
788 2941 866 3018 quod
890 2958 953 2996 sum

117 3020 253 3093 dicturus,
286 3041 357 3100 eque
377 3021 663 3100 praetermittendum
684 3039 776 3098 neque
796 3020 955 3096 relinquen-

117 3101 188 3159 dum
202 3109 252 3160 est.
297 3096 342 3161 1e'.
359 3101 434 3160 Nam
448 3103 580 3180 prolecto
596 3099 735 3158 memoria
750 3100 853 3157 tenetis
867 3099 955 3156 Cotta

118 3188 147 3240 et
157 3181 302 3260 Torquato
317 3183 480 3242 consulibus
494 3181 654 3260 complures
668 3179 698 3237 iu
709 3177 852 3256 Capitolio
863 3197 907 3238 res
917 3177 954 3236 de
