2240 3418
106 123 161 174 m
183 121 222 172 IN
239 121 276 173 M.
291 121 486 172 ANTONIUM
502 120 637 198 ORATIO
648 119 864 170 PHILIPPICA
879 120 917 180 II.

105 223 199 281 mines
215 221 345 286 omnium
364 223 495 300 gentium
511 221 636 280 maxime
646 220 796 292 barbaros,
807 219 944 292 Ituraeos,

106 322 172 361 cum
189 303 303 380 sagittis
316 302 435 361 deducis
450 302 481 359 in
495 302 609 360 forumt
642 300 782 359 Praesidii
795 319 847 358 sua
862 319 946 376 causa

107 402 137 440 se
150 383 245 440 facere
258 381 338 442 dicit.
380 381 485 440 Nonne
499 381 588 458 igitur
600 381 715 442 miliens
727 380 820 458 perire
832 385 877 438 est
887 399 947 438 me

106 461 162 520 lius
179 480 265 539 quam
282 461 313 518 in
330 480 382 519 sua
396 461 513 518 civitate
534 461 595 518 sine
611 467 786 518 armatorum
802 459 946 536 praesidio

107 561 166 599 non
179 560 264 618 posse
274 541 387 598 viveret
427 539 485 598 Sed
494 539 605 597 nullum
619 547 663 598 est
673 541 756 610 istuc,
766 538 840 596 mibi
854 539 945 610 crede,

107 621 289 698 praesidium.
321 620 447 678 Caritate
457 627 487 678 te
497 627 527 677 et
536 619 736 696 benevolentia
748 619 855 676 civium
869 637 948 696 saep·

19 735 23 744 -
107 708 172 758 tum
192 707 307 778 oportet
330 719 399 772 esse,
414 719 473 758 non
495 699 589 756 armis.
633 704 699 758 113.
717 698 829 776 Eripiet
850 705 880 756 et
901 717 948 756 ex-

107 779 254 858 torquebit
270 779 324 838 tibi
345 780 401 838 ista
420 778 544 856 populus
559 777 716 850 Romanus,
731 779 842 836 utinam
863 777 948 835 salvis

108 860 209 918 nobisl
250 859 308 918 Sed
331 878 449 937 quoquo
472 858 561 916 modo
584 858 735 916 nobiscum
760 859 859 935 egeris,
876 857 948 915 dum

108 940 172 997 istis
188 938 314 998 consiliis
331 939 427 1010 uteris,
439 958 498 996 non
514 944 606 1016 potes,
618 937 690 995 mihi
706 937 870 1007 crede,·esse
883 937 949 994 diu-

108 1026 218 1078 turnus.
252 1019 370 1076 Etenim
380 1019 436 1076 ista
445 1025 496 1076 tua
508 1018 628 1076 minime
641 1029 725 1076 avara
737 1017 851 1088 coniux,
861 1035 948 1094 quam

109 1119 164 1177 ego
181 1099 242 1157 siue
258 1098 434 1158 contumelia
446 1097 586 1170 describo,
597 1098 720 1156 nimium
735 1097 785 1154 diu
799 1095 885 1154 debet
898 1115 949 1173 po·

109 1179 179 1257 pulo
199 1179 332 1238 Romano
352 1178 468 1237 tertiam
487 1179 664 1256 pensionem.
705 1175 804 1234 Habet
823 1175 949 1253 populus
987 1233 989 1238 ,
1038 1237 1044 1253 ‚

109 1259 258 1318 Romanus
274 1258 311 1317 ad
328 1277 400 1336 quos
416 1258 607 1336 gubernacula
620 1259 661 1316 rei
674 1256 806 1335 publicae
819 1257 948 1314 deferat:

111 1339 160 1417 qui
177 1339 351 1415 ubicumque
367 1345 506 1398 terrarium
523 1343 598 1410 sunt,
609 1337 651 1396 ibi
665 1344 709 1396 est
722 1355 808 1394 omne
821 1335 950 1413 reipub

110 1419 180 1478 lieae
193 1418 369 1497 praesidium
382 1418 427 1476 vel
443 1418 541 1496 potius
557 1418 621 1495 ipsa
635 1437 680 1476 res
696 1416 819 1495 publica,
831 1435 903 1494 quae
919 1434 950 1473 se

13 1507 16 1513 '
110 1499 204 1556 adhuc
224 1505 337 1556 tantum
358 1497 447 1556 modo
467 1498 529 1557 ulta
548 1504 600 1569 est,
613 1498 743 1555 nondum
763 1495 948 1573 recuperavit.

110 1573 209 1638 Habet
222 1578 339 1656 quidem
353 1583 429 1636 certe
442 1597 487 1636 res
500 1577 616 1656 publica
628 1576 821 1635 adolescentes
835 1575 950 1633 nobilis·

111 1659 199 1718 simos
212 1665 328 1735 paratos
343 1657 516 1716 defensores.
558 1656 650 1726 Quam
666 1655 770 1726 volent,
782 1654 824 1712 illi
837 1656 950 1726 cedant,

111 1739 173 1796 ctio
189 1737 387 1796 consulentes:
408 1744 505 1796 tamen
524 1756 587 1794 are
603 1735 718 1814 publica
733 1734 949 1794 revocabuntur.

110 1817 149 1876 Et
166 1836 271 1876 nomen
291 1817 370 1894 pacis
391 1817 474 1874 dulce
494 1824 538 1874 est
557 1823 587 1874 et
607 1816 670 1894 ipsa
684 1835 730 1873 res
750 1813 888 1886 salutaris,
900 1813 951 1872 sed

111 1899 186 1956 inter
201 1916 302 1974 pacem
319 1903 349 1954 et
365 1897 530 1955 servitutem
547 1895 704 1973 plurimum
720 1895 846 1954 interest.
888 1894 952 1952 Pax
995 1929 1002 1941 =

112 1985 155 2037 est
171 1976 325 2055 tranquilla
340 1976 463 2047 libertas,
476 1976 598 2034 servitus
612 1982 789 2053 postremum
810 1974 951 2032 malorum

112 2058 251 2128 omnium,
263 2076 322 2114 non
339 2056 428 2114 modo
442 2055 526 2127 belle,
538 2055 589 2113 sed
601 2062 696 2113 morte
712 2054 799 2112 etiam
816 2054 952 2132 repellen-

112 2138 190 2198 dum.
232 2139 300 2194 114.
316 2135 441 2206 Quodsi
457 2155 487 2193 se
501 2135 580 2212 ipsos
595 2134 638 2192 illi
650 2135 742 2193 nostri
756 2135 922 2194 liberatores
935 2153 952 2192 e

112 2224 268 2295 conspectu
284 2223 384 2274 nostro
400 2214 587 2287 abstulerunt,
599 2222 630 2272 at
645 2214 810 2292 exemplum
824 2215 897 2279 facti
911 2234 953 2272 re·

112 2298 265 2376 liquerunt.
308 2296 363 2367 Illi,
376 2295 455 2372 quod
471 2314 557 2352 nemo
577 2295 693 2366 fecerat,
705 2295 843 2354 fecerunt
885 2294 953 2352 Tar·

113 2378 244 2456 quinium
261 2376 370 2434 Brutus
389 2375 466 2434 bello
486 2381 531 2433 est
550 2382 731 2452 persecutus:
753 2375 882 2453 quitum
902 2393 953 2432 rex

112 2458 178 2529 fuit,
190 2477 256 2515 cum
273 2474 334 2514 esse
347 2455 458 2513 Romae
475 2448 597 2532 [regern]
614 2454 727 2514 licebat.
768 2453 817 2532 Sp.
828 2452 952 2525 Cassius,

113 2537 162 2614 sp.
174 2535 303 2607 Maelius,
321 2535 360 2594 M.
373 2535 497 2592 Manlius
517 2541 637 2612 propter
658 2533 846 2612 suspitionem
871 2533 954 2611 regni

113 2616 268 2694 appetendi
283 2622 350 2673 sunt
363 2615 465 2674 necati.
500 2615 543 2672 Hi
557 2615 682 2692 primum
697 2633 763 2672 cnm
776 2611 880 2691 gladiis
893 2631 953 2670 non

113 2697 143 2754 in
164 2715 284 2774 regnum
305 2702 497 2773 appetentem,
513 2695 564 2752 sed
580 2695 610 2752 in
629 2700 795 2772 regnantem
812 2694 958 2770 impetum*

10 2833 11 2836 ,
113 2777 252 2834 fecemnt.
294 2773 380 2843 Quod
396 2793 463 2832 cum
479 2775 576 2852 ipsum
592 2773 701 2833 factum
719 2792 770 2850 per
786 2793 816 2831 se
832 2771 955 2850 praecla-

113 2871 177 2912 rum
198 2861 241 2912 est
261 2860 347 2930 atque
367 2853 498 2911 divinum
518 2860 582 2912 tum
603 2853 764 2931 expositum
786 2853 823 2910 ad
841 2853 956 2910 imitan-

10 2997 11 3016 ,
114 2935 184 2991 dum
201 2941 252 3005 est,
264 2933 431 3011 praesertim
448 2951 514 2990 cum
531 2933 574 2990 illi
590 2952 653 2991 eam
669 2933 791 3010 gloriam
808 2932 955 2990 consecuti

114 3015 172 3070 sint
189 3032 261 3090 quae
278 3013 326 3070 vix
342 3012 421 3070 caelo
437 3013 502 3089 capi
517 3031 601 3089 posse
615 3011 753 3070 videatur.
795 3011 859 3070 Etsi
876 3013 955 3070 enim

10 3107 11 3114 ¹
89 3097 92 3104 '
115 3092 183 3149 satis
207 3093 238 3148 in
260 3093 324 3169 ipsa
347 3092 523 3150 conscientia
546 3091 729 3169 pulcherrimi
751 3090 822 3149 facti
843 3092 956 3149 fructus

114 3177 182 3241 erat,
193 3176 290 3228 tamen
301 3171 421 3236 mortali
429 3171 674 3230 immortalitatem
685 3189 744 3229 nou
758 3170 881 3231 arbitror
894 3190 958 3230 esse
1039 3241 1042 3248 Ι

138 3249 361 3306 tutemnendam.
