2262 3418
393 127 471 179 CAP.
489 128 661 192 vm.-x.,‘§
677 131 765 182 19-25.
950 133 999 182 127

161 230 186 290 is
209 233 270 288 e'sse
297 229 470 289 constitutus
494 249 529 288 ex
552 250 700 290 marmore.
742 231 786 290 At
809 231 845 290 iis
865 231 999 291 laudibus

161 317 236 368 certe
252 329 312 368 non
329 309 421 367 solum
437 311 498 387 ipse
516 311 565 387 qui
582 311 720 384 laudatur,
732 311 783 369 sed
796 312 883 370 etiam
897 313 998 390 populi

160 389 285 448 Romani
301 408 407 447 nomen
428 396 551 448 ornatur.
594 390 628 447 In
649 390 758 449 caelum
774 391 859 449 huius
875 411 998 469 proavus

161 469 234 528 Octo
250 468 377 527 tollitur:
399 483 520 546 maguus
538 469 631 526 honos
651 470 752 547 populi
768 471 893 528 Romani
914 472 1004 530 rebus'

161 549 335 626 adiungitur.
377 548 486 608 Omnes
507 548 630 626 denique
652 549 693 605 illi
716 548 844 622 Maximi,
862 550 995 624 Marcelli,

161 628 255 686 Fulvii
270 647 333 686 non
354 628 414 686 sine
439 628 586 686 communi
607 628 737 686 omnium
761 637 892 688 nostrum
914 630 997 688 laude

161 709 338 768 decorantur.
380 707 418 766 X
436 707 514 785 Ergo
528 707 618 779 illum,
631 708 681 784 qui
697 707 767 766 haec
783 709 898 781 fecerat,
910 709 999 767 Rudi-

160 807 231 846 num
251 787 408 860 hominem,
422 788 544 845 maiores
564 787 655 845 nostri
671 788 702 844 in
723 788 869 846 civitatem
889 808 999 867 recepe-

160 874 246 926 runt:
267 887 320 927 nos
333 867 410 926 hunc
424 867 646 940 Heracliensem,
657 868 757 926 multis
773 868 937 927 civitatibus
953 889 999 926 ex·

160 949 293 1026 petitum,
302 948 332 1004 in
342 947 396 1005 hac
410 954 506 1005 autem
517 946 629 1026 legibus
642 949 840 1022 coustitutum,
852 948 888 1007 de
902 955 999 1007 nostra

161 1027 275 1086 civitate
289 1027 453 1084 eiiciemusl
499 1077 500 1080 ,

202 1111 248 1162 23.
264 1105 339 1162 Nam
357 1105 381 1161 si
402 1104 467 1181 quis
486 1104 629 1163 minorem
648 1105 755 1183 gloriae
771 1107 898 1165 fructum
917 1113 1000 1185 putat

161 1204 197 1243 ex
213 1184 329 1242 Graecis
348 1183 476 1241 versibus
497 1185 606 1262 percipi
627 1203 714 1262 quam
734 1205 769 1242 ex
786 1185 903 1258 Ietinis,
918 1185 1001 1244 vehe-

161 1269 273 1322 menter
283 1270 366 1335 errat,
376 1269 529 1341 propterea
543 1263 621 1342 quod
631 1263 739 1322 Graeca
752 1264 887 1341 leguntur
899 1266 930 1322 in
942 1284 1001 1322 om·

161 1343 247 1402 nibus
260 1344 320 1402 fere
333 1342 476 1421 gentibus,
488 1342 591 1401 Latina
604 1344 662 1401 suis
675 1343 788 1414 finibus,
800 1343 911 1420 exiguis
924 1363 999 1416 sane,

162 1423 352 1482 continentur.
391 1421 456 1492 Qua
469 1442 499 1481 re
514 1424 537 1481 si
551 1443 596 1481 res
610 1441 667 1496 eae,
680 1441 750 1500 quas
763 1423 911 1500 gessimus,
924 1423 1001 1481 orbis

161 1510 253 1562 terrae
272 1502 439 1581 regionibus
459 1503 643 1576 definiuntur,
658 1521 761 1580 cupere
783 1501 927 1576 debemus,
944 1522 1001 1580 quo

161 1602 300 1642 manuum
315 1591 478 1642 nostrarum
491 1583 549 1642 tela
561 1583 750 1660 pervenerint,
765 1582 866 1640 eodem
880 1582 1001 1661 gloriam

161 1663 327 1741 famemque
340 1671 496 1742 penetrare,
508 1663 586 1741 quod
596 1682 663 1721 cum
673 1662 744 1740 ipsis
754 1662 876 1740 populis,
887 1662 922 1720 de
934 1681 1002 1740 quo-

162 1761 227 1800 rum
243 1742 328 1801 rebus
344 1744 484 1815 scribitur,
496 1743 566 1802 haec
586 1742 683 1820 ampla
699 1749 774 1815 sunt,
785 1749 848 1800 tum
865 1743 901 1801 iis
917 1749 1001 1814 certe,

164 1823 215 1900 qui
228 1821 264 1881 de
277 1824 338 1880 vita
353 1823 460 1900 gloriae
473 1842 558 1881 causa
571 1823 718 1894 dimicant,
730 1822 785 1880 hoc
801 1823 959 1880 maximum
973 1828 1003 1879 et

163 1902 355 1979 periculorum
365 1903 583 1960 incitamentum
594 1910 637 1960 est
647 1909 677 1961 et
687 1902 825 1960 laborum.
852 1907 898 1960 24.
909 1901 1002 1970 Quam

163 1981 271 2039 multos
285 1982 436 2058 scriptores
448 2001 542 2039 rerum
557 2001 672 2039 suarum
685 2000 807 2058 magnus
820 1981 868 2038 ille
881 1981 1004 2038 Alexan·

165 2060 217 2118 der
230 2079 327 2123 seeum
336 2059 468 2118 habuisse
479 2060 599 2118 dicitur!
633 2059 732 2137 Atque
742 2061 767 2117 is
777 2067 882 2131 tamen,
893 2080 958 2118 cum
972 2060 1003 2117 in

166 2139 253 2217 Sigeo
274 2139 312 2198 ad
325 2138 447 2197 Achillis
462 2139 607 2197 tumulum
624 2139 778 2207 astitisset:
805 2139 830 2196 0
841 2140 1002 2214 fortunate,

166 2219 269 2296 inquit,
285 2219 449 2290 adolescens,
465 2221 516 2292 qui
534 2225 599 2276 tuce
614 2218 733 2276 uirtutis
748 2218 909 2274 Homerum
921 2237 1005 2292 prae-

166 2318 259 2357 conem
276 2297 435 2356 inveneris!
474 2298 514 2356 Et
529 2317 602 2357 vere.
644 2297 720 2355 Nam
737 2297 793 2355 nisi
810 2297 877 2358 Ilias
893 2297 943 2354 illa
959 2317 1005 2354 ex·

167 2378 388 2452 stitissetidem
407 2377 543 2450 tumulus,
559 2377 609 2455 qui
625 2397 729 2455 corpus
749 2377 810 2434 cius
830 2383 1003 2449 contexerat,

167 2476 273 2517 nomeu
289 2457 377 2516 etiam
393 2456 541 2516 obruisset
583 2455 679 2536 Quid?
698 2463 797 2514 noster
808 2456 856 2514 hie
872 2456 1003 2533 Magnus,

168 2538 218 2616 qui
238 2556 304 2596 cum
320 2538 425 2596 virtute
441 2538 587 2596 fortunam
607 2537 786 2614 adaequavit,
801 2555 897 2594 nonne
913 2535 1005 2594 Theo-

167 2617 292 2696 phanem
309 2616 523 2694 Mitylenaeum,
538 2617 706 2694 scriptorem
722 2635 817 2674 rerum
838 2635 961 2686 suarum,
973 2615 1004 2672 in

168 2697 303 2756 contione
312 2696 439 2754 militum
452 2696 568 2754 civitete
581 2696 707 2767 donavit,
718 2702 747 2753 et
756 2696 847 2754 nostri
860 2695 903 2753 illi
914 2693 1006 2752 fortes¹

167 2777 230 2850 viri,
243 2776 294 2835 sed
308 2775 408 2834 rustici
424 2795 457 2834 ac
472 2775 579 2833 milites
593 2775 743 2833 dulcedine
758 2775 881 2853 quadam
897 2774 1005 2852 gloriae

168 2856 316 2929 commoti,
335 2855 415 2933 quasi
445 2854 598 2932 participes
627 2854 755 2913 eiusdem
781 2854 881 2925 laudis,
898 2871 1005 2930 magno

168 2935 241 2994 illud
256 2935 379 2994 clamore
399 2934 645 3012 approbaverunt?
686 2940 732 2992 25.
748 2933 856 3010 Itaque,
872 2931 965 3003 credo,
981 2932 1005 2989 si
1081 2929 1090 2944 ⁸

169 3015 240 3073 civis
255 3014 403 3073 Romanus
419 3013 541 3072 Archias
556 3013 667 3091 legibus
683 3033 743 3070 uon
759 3019 840 3084 esset,
856 3018 889 3069 ut
904 3011 940 3068 ab
957 3010 1006 3068 eli·

170 3113 228 3172 quo
241 3095 413 3172 imperatore
430 3094 545 3152 civitate
561 3093 722 3164 donaretur,
736 3090 870 3170 perficere
882 3109 942 3149 non
956 3108 1007 3167 po-

169 3175 234 3233 tuit
276 3175 356 3233 Sulla
375 3193 440 3232 eum
457 3174 603 3252 Hispanos
619 3173 739 3230 donaret
755 3178 784 3230 et
800 3170 906 3243 Gallos,
921 3169 1006 3228 oredo
