2262 3418
333 606 547 670 M.TULL11
576 606 810 669 oronnonrs

214 759 308 839 PRO
342 761 688 840 illnlerito
723 761 927 841 osirin.

400 1053 742 1106 ARGUMENTUM.

182 1151 219 1203 M.
231 1151 350 1203 Claudius
364 1153 505 1213 Marcellus,
516 1153 553 1203 M.
565 1154 639 1215 iilius,
650 1154 736 1203 consul
749 1169 816 1204 anno
828 1169 853 1219 p.
864 1170 888 1205 n.
898 1169 920 1205 c.
933 1156 990 1218 703,

149 1234 207 1268 cum
224 1219 277 1269 Ser.
288 1219 397 1279 Sulpicio
414 1219 480 1268 Rufo
497 1219 527 1268 iis
544 1220 617 1268 rebus
634 1220 755 1279 omnibus,
768 1235 829 1283 quas
847 1219 877 1270 C.
888 1222 989 1282 Caesar,

149 1299 207 1332 cnm
217 1293 283 1334 esset
293 1284 320 1332 in
332 1284 423 1345 Gellia,
433 1301 449 1332 a
460 1295 548 1334 senatu
556 1285 698 1347 postulavit,
709 1299 762 1334 sese
773 1295 920 1348 opposuerat
928 1288 993 1334 eins·

150 1365 199 1412 qne
211 1350 315 1399 consilia
328 1365 399 1399 secus
413 1351 490 1399 etiam
504 1365 535 1398 ac
548 1350 628 1399 voluit
644 1351 740 1410 collega
752 1351 806 1399 eius
820 1351 990 1413 impediverat,

149 1425 179 1464 ut
189 1431 270 1478 neque
281 1415 310 1465 C.
321 1415 421 1464 Caesari
429 1416 560 1478 imperinm
570 1426 744 1479 prorogaretur
754 1430 835 1480 neque
843 1417 896 1465 eins
905 1418 993 1466 absen-

150 1481 182 1530 tis
196 1482 260 1530 ratio
273 1481 380 1530 comitiis
391 1480 562 1529 consularibus
576 1481 709 1531 haberetur
722 1496 804 1546 neque
817 1482 920 1544 colonie,
930 1497 993 1546 qnos

151 1546 279 1596 C.Caesar
290 1547 390 1596 Novum
400 1546 507 1596 Comum
520 1546 667 1605 deduxerat,
675 1547 714 1596 ins
726 1563 798 1596 snum
807 1556 927 1608 maneret,
938 1548 992 1610 qui-

149 1611 196 1661 bus
210 1612 283 1661 rebus
296 1611 411 1661 omnibus
427 1613 588 1661 vehementer
603 1612 632 1662 C.
644 1612 758 1662 Caesaris
771 1614 870 1662 animus
884 1613 992 1662 offensus

150 1687 211 1738 erat,
226 1677 282 1728 vide
298 1678 334 1728 M.
350 1677 479 1728 Ciceronis
495 1694 532 1739 ep.
546 1677 581 1726 ad
588 1677 740 1742 familiares,
756 1677 799 1728 lib.
812 1678 900 1738 VIII.‚
914 1695 952 1742 ep.
965 1682 989 1739 8,

150 1742 262 1792 eiusdem
273 1759 310 1806 ep.
323 1741 360 1792 nd
368 1743 488 1806 Atticum,
499 1742 541 1792 lib.
552 1743 622 1805 V.,e
640 1781 645 1793 .
659 1746 696 1794 ll.
728 1743 805 1793 Hirtii
817 1743 847 1792 de
859 1742 920 1793 bello
931 1742 992 1793 Gal-

151 1806 206 1870 lico,
220 1807 262 1857 lib.
272 1809 362 1867 VIII.‚
376 1824 398 1859 c.
413 1811 454 1858 53.
492 1808 603 1872 Appiani
645 1807 702 1858 llam
715 1808 798 1871 civile,
809 1810 851 1859 lib.
859 1809 919 1870 VI.‚
928 1825 950 1859 c.
960 1812 992 1858 25

151 1888 189 1938 sq.
222 1872 351 1922 Plutarchi
365 1876 408 1924 nit.
420 1873 539 1934 Caesaris,
553 1890 575 1924 c.
588 1876 629 1936 29,
642 1874 753 1924 eiusdem
773 1877 816 1925 vit.
831 1873 953 1937 Pompeii,
967 1891 988 1926 c.

151 1942 192 1989 58.
228 1939 326 1988 Exorto
343 1948 427 1989 antem
444 1940 498 2002 ipso
513 1939 579 1989 civili
592 1939 657 1988 bello
671 1940 717 1990 Cn.
730 1941 842 2003 Pompeii
856 1950 938 1990 castra
954 1955 992 1990 se-

150 2012 224 2054 cutus
234 2005 260 2052 in
272 2005 325 2054 acie
335 2005 482 2054 Pharsalica
492 2013 580 2053 contra
590 2004 724 2054 Caesarem
735 2015 896 2068 pugnaverat.
917 2030 919 2036 ·
928 2007 992 2055 Post

151 2069 286 2134 Mytilenas
299 2085 327 2118 se
342 2069 487 2130 contulerat
503 2077 531 2119 ut
546 2069 640 2118 otiosus
656 2069 746 2120 litteris
762 2085 863 2132 operam
878 2080 989 2132 navaret,

151 2151 202 2198 qna
218 2134 250 2184 de
265 2149 293 2184 re
309 2136 422 2184 conferas
436 2133 563 2184 Ciceronis
575 2133 688 2196 Brutum,
700 2150 722 2186 c.
733 2138 772 2196 71,
785 2135 798 2193 5
812 2138 868 2196 250,
881 2147 935 2184 tum
948 2138 992 2186 Se—

151 2215 228 2250 necae
244 2199 332 2250 consol.
345 2200 380 2249 ad
389 2199 474 2259 Helu,
485 2215 505 2249 c.
518 2203 541 2249 9.
570 2200 674 2248 Frustru
686 2200 760 2250 amici
773 2201 827 2249 eins
842 2201 950 2250 reditum
965 2210 992 2250 ut

151 2267 174 2316 ei
189 2265 335 2314 concederet
347 2281 364 2314 a
377 2266 406 2316 C.
417 2265 523 2315 Caesare
535 2264 719 2326 flagitaverunt,
729 2281 752 2314 v.
763 2265 890 2314 Ciceronis
908 2283 945 2328 ep.
957 2265 994 2315 cd

150 2329 307 2394 seruilium,
317 2331 360 2381 lib.
369 2331 428 2393 IV.,
439 2345 478 2393 ep.
491 2334 500 2378 1
515 2339 541 2379 et
552 2333 575 2380 8.
609 2331 671 2379 Post
681 2345 739 2379 cum
751 2330 844 2380 Caesar
859 2345 892 2379 ex
903 2331 992 2380 Africa

152 2396 257 2445 redisset
273 2411 339 2444 anno
359 2411 382 2460 p.
393 2411 416 2444 ιι,
427 2411 448 2444 c.
460 2397 516 2455 708,
528 2395 558 2445 C.
568 2394 711 2457 Marcellus,
725 2396 761 2444 M.
775 2395 888 2444 Marcelli
905 2397 989 2458 frater,

151 2462 260 2510 reditum
273 2462 345 2511 fratri
356 2462 388 2510 ab
399 2475 429 2510 eo
440 2461 591 2526 impetrarit.
627 2461 732 2510 Fecerat
742 2461 808 2509 enirn
821 2461 867 2510 hoc
879 2471 988 2522 senatus,

152 2536 188 2587 nt,
199 2542 257 2575 cum
270 2543 286 2574 a
300 2527 329 2575 L.
343 2527 435 2575 Pisone
448 2526 542 2575 mentio
554 2534 620 2575 esset
633 2525 700 2575 iacta
713 2526 744 2575 de
757 2526 878 2576 Marcello
895 2535 920 2576 et
933 2543 991 2576 curn

152 2592 182 2641 C.
193 2591 326 2641 Marcellus
338 2605 365 2640 se
376 2590 408 2640 ad
417 2591 530 2640 Caesaris
541 2590 616 2654 pedes
628 2591 764 2652 abiecisset,
775 2595 880 2641 cunctus
891 2607 993 2641 consur·

112 2652 118 2663 '
152 2664 222 2717 geret
231 2665 257 2706 et
263 2656 296 2705 ad
305 2657 437 2706 Caesarem
448 2656 553 2720 supplex
560 2655 696 2706 secederet.
730 2657 780 2705 Hic
789 2657 842 2706 dies
850 2658 885 2706 M.
893 2657 990 2708 Cicero

153 2721 180 2770 ni
191 2722 227 2770 ita
238 2721 340 2785 pulcher
350 2721 417 2770 visus
425 2730 487 2781 erat,
496 2731 525 2770 nt
538 2722 645 2784 speciem
657 2722 766 2785 aliquam
774 2722 993 2774 videreturvidere

153 2787 225 2850 quasi
237 2786 403 2836 reviviscentis
414 2787 450 2835 rei
461 2786 581 2850 publicae.
611 2787 701 2849 Itaque
709 2801 766 2836 cnm
777 2803 863 2836 omnes
872 2787 923 2836 iere
933 2799 992 2836 autc

153 2866 211 2900 enm
225 2853 306 2914 rogati
319 2852 468 2901 sententiam
479 2851 572 2912 gratias
586 2851 687 2900 Caesari
701 2852 817 2912 egissent,
826 2853 879 2916 ipse
893 2866 992 2916 quoque

153 2916 242 2966 Cicero
252 2917 362 2980 pluribus
372 2917 453 2965 verbis
464 2917 516 2977 egit
524 2916 624 2965 Caesari
636 2917 736 2978 gratius,
762 2931 794 2965 ua
803 2917 834 2966 de
845 2932 872 2966 re
881 2918 992 2966 conferas

105 3014 109 3022 -
153 2981 235 3044 ipsum
246 2982 272 3030 io
285 2998 322 3045 ep.
334 2981 370 3030 ad
371 2979 525 3045 familiares,
536 2981 578 3030 lib.
590 2982 649 3042 IV.,
661 2996 698 3044 ep.
711 2932 764 3042 d}
778 2984 794 3030 3
805 2996 853 3045 sq.‚
864 2997 938 3046 quam
950 2998 992 3030 nc·

153 3047 247 3096 tionem
261 3048 405 3108 gratiarnm,
417 3061 467 3110 qua
480 3046 597 3095 diuturno
610 3046 636 3094 in
651 3055 739 3096 senatu
755 3047 854 3096 silentio
866 3049 943 3096 linem
957 3047 992 3096 ie·

153 3121 230 3173 cerat,
241 3123 328 3176 postea
343 3112 488 3174 conscripsit
506 3121 596 3172 orator,
609 3121 637 3161 nt
653 3113 705 3161 iere
721 3112 815 3161 solebat
833 3111 922 3172 iacere,
933 3127 992 3160 con-

153 3177 320 3241 scriptumque
333 3177 419 3228 edidit.
455 3177 509 3226 Nec
523 3177 622 3226 videtur
635 3177 686 3226 ullo
702 3177 778 3226 modo
794 3177 904 3227 dubitari
920 3191 992 3242 posse
