2262 3418
131 115 179 174 168
268 121 338 172 PRO
354 121 386 171 Τ.
402 119 516 170 ANNIO
532 119 672 170 MILONE
688 113 831 170 ORATIO.
898 107 902 114 ⁵

127 231 160 282 ¹et
174 229 280 300 magno
297 221 394 280 animo
412 226 441 278 et
457 220 579 278 libenter
594 220 696 278 fecisse
713 239 742 277 se
756 219 897 278 libertatis
911 233 971 278 orn-

130 304 212 362 nium
233 321 324 373 cansa,
341 299 419 379 quod
439 305 513 358 esset
533 300 560 357 ei
580 319 639 356 non
660 298 854 356 confitendum
871 301 969 374 modo,

131 391 230 441 verum
245 382 332 440 etiam
345 379 576 458 praedicandum.
618 378 717 436 XXX.
735 412 738 418 ·
752 384 797 436 81.
813 378 930 436 Etenim
945 380 970 438 si

130 462 162 521 id
178 481 237 519 non
253 467 347 538 negat,
363 479 398 518 ex
419 479 476 537 quo
493 458 565 516 nihil
585 458 660 535 petit
674 457 731 515 nisi
748 464 780 515 ut
796 459 968 536 ignoscatur,

131 541 276 600 dubitaret
291 540 323 598 id
338 539 479 611 faterier
499 557 556 616 quo
573 538 804 615 etiampraemia
818 537 911 596 laudis
929 557 971 596 es

131 628 195 680 sent
210 620 352 698 persudat
370 619 428 684 ,nisi
444 637 511 676 vero
528 618 637 695 gratius
653 625 737 694 putat
753 637 813 676 esse
827 617 909 676 vobis
926 618 970 676 sui

54 703 58 710 '
131 721 161 758 se
177 700 280 778 capitis
297 718 383 777 quarn
399 698 486 756 vestri
502 697 683 756 defensorem
699 697 797 768 fuisse,
809 716 875 754 curn
891 717 971 775 prae-

111 821 115 830 .
131 781 229 838 sertim
240 779 270 836 in
282 798 314 836 ea
324 778 511 848 confessione,
524 777 548 834 si
561 777 636 854 grati
650 795 710 834 esse
720 776 837 848 velletis,
847 775 970 834 honores

131 860 333 936 adsequeretur
343 857 541 934 amplissimos.
577 855 609 914 Si
622 856 732 914 facturn
742 855 824 913 vobis
837 875 896 913 non
907 875 971 932 pro·

131 938 458 1015 barctur—quamquam
480 936 529 1014 qui
545 942 659 1013 poterat
675 936 750 993 salus
765 954 816 992 sua
836 935 987 1013 cuiquam?

131 1036 191 1074 non
212 1016 327 1095 probari
335 1016 436 1074 t-sed
455 1022 557 1078 tamen⁴
576 1015 600 1072 si
622 1015 718 1072 minus
741 1014 893 1072 fortissimi
916 1015 970 1073 viri

131 1097 221 1156 virtus
245 1096 354 1154 civibus
378 1102 460 1173 grate
479 1094 635 1165 cecidisset,
653 1113 759 1172 magno
783 1095 880 1152 animo
905 1113 971 1152 con-

132 1177 276 1254 stantique
289 1176 402 1234 cederet
416 1195 451 1233 ex
465 1175 578 1252 ingrate
590 1174 713 1232 civitate.
756 1173 831 1233 Nam
846 1174 916 1251 quid
930 1193 971 1232 es·

132 1262 177 1318 set,
188 1256 327 1333 ingratius
341 1275 428 1333 quam
441 1254 539 1312 laetari
549 1260 665 1325 ceteros,
677 1253 773 1331 lugere
788 1273 853 1310 eum
868 1252 969 1326 solum,

131 1342 250 1414 propter
273 1354 359 1413 quem
383 1335 469 1392 ceteri
493 1333 683 1391 laetarentur?
725 1339 770 1391 82.
789 1332 971 1410 Quamquam

131 1415 187 1472 hoo
201 1415 298 1473 animo
312 1433 424 1492 semper
440 1433 539 1472 omnes
552 1413 661 1473 fuimus
675 1413 705 1470 in
719 1413 827 1489 patriae
843 1413 971 1489 prodito

131 1494 210 1552 ribus
231 1493 435 1572 opprimendis,
449 1500 491 1565 ut,
506 1492 642 1571 quoniam
662 1499 760 1550 nost—ra
779 1493 878 1550 futura
898 1499 972 1551 esset

131 1574 231 1652 gloria,
242 1574 400 1652 periculum
419 1591 532 1650 quoque
549 1578 578 1630 et
593 1571 733 1629 invidiam
749 1578 876 1629 nostram
890 1579 972 1649 puta-

132 1673 235 1712 remus.
277 1645 353 1710 Nam
375 1671 446 1730 quae
466 1651 615 1728 mihiipsi
636 1650 788 1710 tribuenda
807 1651 868 1710 laus
887 1659 970 1724 esset,

132 1752 198 1791 cum
214 1739 328 1790 tantum
344 1733 375 1790 in
392 1730 541 1790 consulatu
560 1749 627 1789 meo
647 1750 700 1808 pro
721 1731 803 1789 vobis
822 1751 856 1788 ac
874 1730 972 1789 liberis

132 1812 232 1870 vestris
251 1831 336 1870 ausus
354 1830 453 1883 essem,
466 1811 490 1868 si
508 1811 547 1883 id,
560 1810 639 1888 quod
657 1810 787 1882 conabar,
802 1811 863 1868 sine
883 1811 973 1868 maxi·

132 1892 188 1950 mis
198 1891 431 1949 dimicationibus
444 1889 516 1948 meis
529 1910 576 1948 me
587 1909 647 1948 esse
658 1909 791 1947 ausumm
803 1889 971 1948 arbitrarer?

105 2037 108 2044 .
132 1971 212 2040 Quae
225 1971 327 2029 mulier
344 1969 510 2028 sceleratum
527 1989 559 2028 ac
575 1969 766 2046 pbrniciosum
781 1970 872 2027 civem
886 1970 972 2027 inter·

132 2050 215 2108 ficere
230 2069 289 2108 non
306 2050 431 2122 auderet,
444 2050 468 2106 si
483 2049 643 2126 periculum
656 2068 715 2106 nou
729 2049 862 2107 timeretl
902 2049 973 2107 Pro-

132 2130 228 2208 posita
247 2130 363 2201 invidia,
375 2136 476 2200 morto,
488 2148 582 2207 poena
598 2129 648 2206 qui
666 2127 757 2195 nihilo
777 2128 892 2206 segnius
910 2130 981 2186 rem·

102 2207 107 2215 '
132 2210 276 2288 publicam
293 2209 433 2280 defendit,
444 2209 469 2265 is
483 2209 526 2265 vir
540 2227 604 2266 vere
618 2208 770 2285 putandus,
779 2214 830 2266 est.
865 2207 973 2285 Populi

132 2290 207 2367 grati
218 2295 261 2347 est
274 2289 408 2367 praemiis
422 2287 542 2346 adficere
552 2287 625 2345 bene
639 2287 756 2347 meritos
770 2287 806 2345 de
816 2306 846 2344 re
856 2287 976 2365 publica·

132 2370 215 2441 cives,
228 2369 281 2426 viri
297 2368 382 2427 fortis
398 2387 434 2426 ne
451 2367 598 2445 suppliciis
615 2367 731 2444 quidem
745 2367 854 2424 moveri
868 2373 901 2424 ut
914 2367 973 2424 for-

131 2449 201 2507 titer
215 2449 317 2506 fecisse
333 2447 487 2525 poeniteat
531 2453 577 2504 83.
596 2445 689 2515 Quam
710 2445 828 2503 obrem
845 2453 973 2504 uteretur

132 2529 231 2586 eadem
246 2527 425 2585 confessione
435 2526 468 2584 T.
477 2525 599 2598 Annius,
610 2545 667 2603 qua
679 2524 781 2598 Ahala,
792 2545 848 2604 qua
858 2526 971 2597 Nasica,

132 2627 190 2686 qua
212 2605 355 2685 Opimius,
373 2625 430 2684 qua
453 2605 644 2684 Mariusque
669 2611 783 2663 nosmet
809 2605 873 2682 ipsi,
893 2615 929 2677 et,
948 2606 973 2663 si

131 2694 214 2764 grata
230 2705 275 2744 res
291 2685 407 2764 publica
422 2691 504 2757 esset,
515 2686 683 2743 laetaretur:
705 2685 730 2742 si
743 2685 862 2763 ingrate,
874 2691 972 2742 tamen

131 2767 162 2824 in
176 2767 255 2844 gravi
269 2766 387 2824 fortuna
400 2765 575 2824 conscicntia
588 2784 640 2823 sua
652 2765 797 2824 niteretur.

172 2847 230 2904 Sed
249 2845 336 2904 huius
356 2844 489 2905 beneficii
509 2845 640 2922 gratiam,
655 2845 772 2917 iudices,
786 2845 905 2903 fortuna
922 2864 973 2922 po·
992 2899 1002 2919 ,

131 2926 193 3004 puli
209 2925 333 2984 Romani
350 2932 379 2983 et
392 2932 486 2982 vestra
499 2924 622 2982 felicitas
639 2931 668 2982 et
681 2924 712 2982 di
724 2925 901 2982 immortales
917 2924 973 2982 sibi

131 3005 230 3063 deberi
249 3010 361 3082 putant.
403 3003 464 3062 Nec
481 3023 548 3062 vero
570 3004 720 3081 quisquam
741 3003 822 3062 aliter
842 3004 973 3062 arbitrari

132 3091 236 3162 potest,
251 3084 307 3141 nisi
325 3083 375 3162 qui
391 3083 499 3140 nullam
516 3083 575 3140 vim
595 3103 655 3141 esse
676 3083 756 3141 ducit
772 3102 914 3142 numenve
931 3084 974 3141 di·

132 3165 240 3236 vinum,
257 3183 342 3241 quem
356 3182 449 3240 neque
466 3163 579 3241 imperii
593 3163 684 3221 nostri
696 3163 866 3240 magnitudo
881 3183 973 3242 neque
