2240 3418
312 117 466 184 fcnr.
485 129 752 194 X.-x11.,seee4.
837 143 840 151 ·
944 135 993 184 ara

151 231 201 292 ille
213 231 332 292 inimico
346 250 459 291 servum
472 230 591 304 remisit,
599 238 633 290 tu
646 231 682 291 ab
696 251 750 290 evo
763 230 925 292 abduxisti:
946 233 993 292 ille

152 313 351 389 incorruptum
371 311 470 371 audire
491 311 592 383 noluit,
607 318 640 369 tu
657 311 826 389 corrupisti:
847 312 895 370 ille
915 312 994 371 adiu·

152 385 245 452 terem
262 411 381 450 servum·
392 398 492 453 contra
508 391 659 449 dominum
676 391 846 469 repudiavit,
858 398 891 450 tu
905 393 993 452 etiam

152 479 346 530 accusatorem
366 470 532 529 adhibuisti.
575 475 622 529 32.
639 471 682 530 At
699 471 786 529 semel
802 471 857 529 iste
874 479 918 530 est
934 492 994 531 cor·

152 559 253 630 ruptus
267 571 284 609 a
297 551 387 609 vobis.
422 550 535 622 Nonne,
547 569 614 608 oum
629 557 703 610 esset
712 550 870 628 productus
884 559 913 610 et
927 571 992 610 eum

152 637 248 690 tecum
258 631 370 703 fuisset,
379 629 488 708 refugit
498 630 535 688 ad
545 630 673 707 legatosl
693 649 789 688 nonne
803 631 840 689 ed
851 630 927 690 hunc
938 632 991 690 Cn.

151 709 316 770 Domitium
331 711 428 769 venitl
448 729 544 769 nonne
560 709 695 768 audiente
711 709 766 768 hoc
781 710 840 770 Ser.
853 710 991 789 Sulpicio,

152 790 308 848 clarissimo
322 790 393 862 viro,
405 790 455 868 qui
471 797 535 848 tum
551 809 618 848 casn
638 789 717 868 apud
732 789 896 850 Domitium
913 809 994 850 cena·

151 869 210 942 bat,
222 878 251 929 et
269 870 325 928 lroc
341 870 374 928 Τ.
384 869 540 947 Torquato,
552 870 665 948 optimo
681 868 869 941 adolescente,
879 889 909 929 se
928 889 945 928 a
962 877 993 930 te

151 957 328 1028 corruptum,
339 949 397 1008 tuis
410 949 559 1028 promissis
572 949 603 1007 in
616 949 748 1008 fraudem
762 949 919 1028 impulsum
932 969 993 1009 esse

152 1030 300 1088 confessus
324 1031 388 1089 estl
424 1029 497 1087 ¹XIL
515 1028 595 1098 Quae
616 1036 660 1088 est
681 1029 738 1087 ista
756 1036 817 1088 tam
838 1030 991 1108 impotens,

151 1115 212 1171 tam
229 1109 359 1182 crudelis,
370 1116 431 1168 tam
447 1109 638 1168 immoderata
652 1108 866 1168 inhumanitasl
906 1109 994 1168 Idcir-

151 1207 186 1247 co
203 1189 234 1246 in
250 1188 324 1247 hanc
340 1189 441 1248 urbem
458 1189 570 1261 venisti,
582 1195 615 1248 nt
631 1189 717 1247 huius
732 1189 812 1249 urbis
826 1190 888 1248 iura
904 1197 933 1249 et
947 1209 993 1248 ex-

151 1269 247 1347 empla
256 1288 452 1348 corrumperes
462 1269 676 1347 domesticaque
687 1269 866 1330 immanitate
879 1277 993 1330 nostrae

142 1349 275 1408 'civitatis
288 1349 498 1408 humanitatem
512 1348 693 1426 inquinaresl

192 1435 239 1487 33.
254 1429 298 1488 At
314 1449 401 1508 quam
417 1435 500 1488 acute
516 1429 636 1488 collecta
651 1428 787 1488 crimina!
822 1427 991 1504 Blesamius,

151 1508 349 1587 inquit-eius
369 1509 447 1568 enim
468 1509 594 1580 nomine,
609 1508 714 1587 optimi
734 1509 788 1566 viri
808 1529 860 1568 nec
880 1509 935 1568 tibi
951 1511 993 1589 ig-

152 1589 222 1660 noti,
232 1589 307 1648 male
321 1589 435 1648 dicebat
448 1588 581 1648 tibi—ad
594 1607 691 1666 regem
705 1588 827 1648 scribere
840 1589 950 1650 solebat
963 1599 993 1650 te

151 1669 182 1728 in
199 1669 308 1734 invidia
323 1688 391 1741 esse,
403 1676 559 1748 tyrannum
575 1669 739 1742 existimari,
752 1676 846 1730 statua
862 1670 937 1730 inter
952 1690 993 1730 re-

151 1769 203 1828 ges
220 1750 321 1888 Xosita
344 1750 457 1810 animos
480 1749 631 1808 hominum
653 1749 836 1809 vehementer
857 1751 991 1824 offensos,
1026 1819 1031 1828 Ι

151 1830 219 1909 plau
240 1830 250 1888 i
266 1829 321 1890 tibi
337 1849 397 1889 non
416 1830 513 1890 solere.
555 1830 585 1888 N
585 1849 660 1888 enne
676 1829 822 1909 intelligis,
834 1830 945 1904 Caesar,
957 1851 993 1894 ex

151 1909 268 1970 urbanis
283 1909 488 1971 malevolorum
505 1909 692 1970 sermunculis
708 1911 778 1970 haec
798 1911 835 1970 ab
851 1912 915 1970 istis
931 1932 993 1972 esse

151 1991 288 2063 collecta?
321 1991 483 2050 Blesamius
498 1998 655 2069 tyrannum
672 1990 822 2054 Caesarem
839 1992 993 2054 scriberetl

151 2069 310 2132 Multorum
326 2071 405 2132 enim
421 2071 518 2150 capita
533 2071 640 2130 civium
654 2070 771 2143 viderat,
787 2071 895 2130 multos
913 2073 992 2134 iussu

152 2149 280 2212 Caesaris
296 2160 421 2225 vexatos,
431 2151 602 2227 verberatos,
613 2157 737 2224 necatos,
745 2151 850 2210 multas
863 2152 993 2215 adflictas

151 2239 182 2291 et
195 2251 305 2294 eversas
320 2233 432 2305 domos,
444 2231 561 2291 armatis
577 2230 718 2292 militibus
734 2231 871 2291 refertum
885 2233 991 2295 forum.

152 2311 232 2382 Quae
244 2331 357 2390 semper
370 2313 402 2371 in
416 2311 493 2372 civili
506 2311 626 2376 victoria
639 2311 787 2381 sensimus,
797 2331 832 2382 aa
845 2318 874 2370 tc
885 2312 992 2372 victore

151 2411 212 2452 non
226 2391 358 2451 vidimus.
391 2396 437 2451 34.
450 2391 543 2463 Solus,
555 2391 681 2468 inquam,
693 2409 731 2462 es,
743 2390 776 2450 C.
788 2389 900 2464 Caesar,
911 2392 993 2452 cuius

152 2471 182 2533 in
199 2471 319 2530 victoria
338 2471 474 2532 ceciderit
492 2490 579 2530 nemo
599 2471 656 2530 nisi
675 2478 809 2530 annatus
851 2471 890 2532 Et
907 2491 993 2550 quem

152 2571 205 2610 nos
224 2551 313 2624 liberi,
325 2552 356 2610 in
377 2571 489 2620 summa
508 2551 610 2630 populi
630 2551 754 2609 Romani
773 2551 903 2610 libertate
922 2552 991 2623 nati,
1012 2584 1014 2588 .

152 2651 211 2690 non
225 2631 313 2690 modo
327 2651 386 2690 non
397 2639 561 2710 tyrannum,
573 2631 623 2689 sed
637 2631 725 2689 etiam
739 2631 992 2698 clementissimum

152 2712 183 2769 in
199 2711 318 2770 victoria
338 2711 440 2771 ducem
457 2711 589 2782 vidimus,
602 2711 626 2768 is
645 2709 798 2783 Blesamio,
809 2713 858 2789 qui
875 2712 946 2770 vivit
962 2712 992 2770 in

152 2810 249 2870 regno,
261 2798 401 2870 tyrannus
414 2791 505 2850 videri
521 2791 636 2868 potestl
676 2791 752 2848 Nam
768 2792 805 2849 de
821 2798 916 2849 statua
929 2791 993 2869 quis

153 2871 288 2950 queritur,
306 2891 365 2930 una
383 2871 559 2950 praesertim,
577 2889 643 2928 cum
667 2877 727 2928 tam
751 2871 856 2930 multas
880 2871 993 2930 videatl

152 2949 246 3010 Valde
266 2952 344 3009 enim
360 2950 548 3010 invidendum
568 2957 613 3008 est
631 2949 692 3009 eius
712 2951 821 3022 statuis,
836 2951 917 3009 cuius
936 2957 994 3008 tro·

152 3031 232 3109 paeis
245 3031 487 3098 noninvidemus
522 3031 599 3088 Nam
613 3030 637 3088 si
648 3030 727 3088 loeus
740 3030 834 3088 adfert
842 3031 991 3102 invidiam,

153 3110 249 3170 nullus
261 3110 341 3169 locus
361 3111 461 3169 estad
481 3117 605 3169 statuam
626 3109 742 3187 quidem
763 3111 862 3168 rostris
882 3110 992 3174 clarior,
1086 3179 1089 3186 Ι

135 3189 199 3250 .'De
212 3190 315 3270 plausu
331 3197 428 3250 autem
442 3189 514 3269 quid
523 3189 733 3268 respondeaml
753 3190 805 3269 qui
817 3209 870 3250 nec
883 3190 992 3250 deside-
