2262 3418
136 125 185 174 164
270 125 341 176 PRO
356 127 387 178 T.
401 125 518 178 ANNIO
534 125 674 177 MILONE
690 124 831 176 ORATIO.

136 226 269 298 exercitu,
280 225 357 284 hunc
374 225 479 284 dilectu
496 225 573 298 date,
584 225 723 284 iudicium
740 231 970 304 exspectaturum

136 305 224 364 fuisse
237 306 268 362 in
282 307 343 364 eius
356 306 481 364 consiliis
492 306 677 377 vindicandis,
688 305 737 384 qui
747 306 776 363 vi
789 305 896 363 iudicia
908 305 971 382 ipsa

136 384 265 442 tolleret?
299 385 374 443 Satis
388 386 546 444 iudicatum
560 392 603 443 est
617 386 796 463 aPompem,
808 385 885 456 satis,
896 385 971 442 falso

136 465 192 524 ista
204 465 327 522 conferri
341 466 371 522 in
385 465 531 537 Milonem,
544 466 593 543 qui
607 465 699 542 legem
713 465 780 523 tulit
795 483 858 543 qua,
870 471 903 522 ut
916 483 971 541 ego

137 543 237 617 sentio,
249 544 387 602 Milonem
403 544 512 602 absolvi
528 564 545 602 a
561 544 643 602 vobis
659 550 812 622 oporteret,
822 550 855 601 ut
872 563 972 601 omnes

137 624 315 696 confitentur,
327 625 431 682 liceret
468 624 514 682 71.
526 623 613 692 Quod
622 643 689 682 vero
703 624 734 681 in
747 623 797 681 illo
811 623 875 681 loco
886 630 972 700 atque

136 704 192 762 illis
206 703 385 781 publicorum
399 704 607 781 praesidiorum
623 705 715 782 copiis
728 703 918 761 circumfusus
932 722 973 760 se-

137 785 194 855 det,
210 784 278 841 satis
293 783 417 841 declarat
437 803 467 841 se
487 803 546 841 non
567 791 704 842 terrorem
724 783 830 841 inferre
851 782 973 841 vobis—-

138 863 208 940 quid
224 863 301 921 enim
317 863 412 920 minus
431 863 481 921 illo
502 864 623 941 dignum
640 882 725 941 quam
747 869 906 940 cogerent
922 881 973 920 vos

138 961 204 1000 eum
224 943 428 1015 condemnetis,
440 943 471 1000 in
493 963 578 1021 quem
598 943 726 1001 animum
747 943 892 1000 advertere
910 943 974 1020 ipse

138 1029 168 1080 et
185 1041 264 1080 more
284 1023 425 1079 maiorum
446 1029 475 1080 et
493 1029 545 1080 'suc
563 1024 625 1080 iure
644 1029 742 1100 posset
750 1023 852 1080 l-sed
869 1022 974 1100 praesi-

138 1103 187 1159 dio
204 1121 272 1174 esse,
284 1109 317 1159 ut
332 1101 499 1179 intelligatis
515 1110 615 1160 contra
630 1101 792 1160 hesternam
809 1101 887 1160 illam
907 1121 974 1160 con-

138 1183 247 1240 tionem
261 1181 344 1240 licere
358 1181 440 1239 vobis
454 1183 532 1260 qnod
546 1183 674 1240 sentiatis
687 1182 775 1240 libere
788 1182 921 1239 iudicare.

178 1260 306 1320 XXVII.
343 1261 389 1320 72.
412 1261 473 1320 Neo
500 1282 566 1320 vero
593 1281 649 1334 me,
666 1262 783 1333 iudices,
799 1261 973 1320 Clodianum

139 1342 246 1400 crimen
265 1347 371 1414 movet,
386 1361 438 1399 nec
454 1349 514 1400 tam
535 1361 598 1399 sum
617 1342 735 1400 demens
755 1348 871 1419 tamque
887 1341 974 1398 vestri

140 1441 237 1480 sensus
244 1423 359 1499 ignarus
369 1427 454 1499 atque
465 1440 572 1499 expers,
580 1428 613 1479 nt
620 1422 745 1479 nesciam
757 1421 870 1498 quidde
880 1427 974 1478 morte

139 1501 235 1560 Clodii
255 1502 392 1560 sentiatis.
433 1500 479 1559 De
496 1521 560 1579 qua,
572 1502 597 1558 si
612 1501 670 1559 iam
686 1500 793 1558 nollem
809 1501 852 1558 ita
866 1501 975 1558 diluere

140 1581 255 1653 crimen,
273 1588 306 1639 ut
326 1581 406 1652 dilui,
423 1587 519 1638 tamen
540 1581 658 1657 impune
680 1579 782 1638 Miloni
804 1581 899 1658 palam
921 1581 975 1639 cla

139 1680 217 1733 mare
230 1680 262 1719 ac
278 1661 394 1718 mentiri
407 1660 530 1738 gloriose
545 1660 659 1718 liceret:
680 1659 790 1732 Occidi,
802 1660 903 1733 occidi,
915 1680 974 1718 non

139 1741 189 1817 Sp.
199 1739 343 1810 Maelium,
356 1741 405 1818 qui
425 1759 539 1797 annona
554 1739 674 1798 levanda
689 1739 860 1818 iacturisque
876 1741 919 1799 rei
933 1741 976 1798 ia

139 1820 265 1891 miliaria,
281 1820 348 1897 quia
371 1819 457 1876 nimis
480 1819 614 1896 amplecti
634 1819 748 1897 plebem
768 1821 926 1892 videbatur,
943 1821 975 1877 in

140 1899 328 1977 suspitionem
348 1899 450 1956 incidit
473 1899 554 1976 regni
574 1899 737 1976 appetendi,
755 1915 814 1958 non
835 1901 878 1958 Ti
890 1900 976 1974 Grac-

139 1979 235 2050 chum,
251 1979 300 2057 qui
317 1978 658 2056 collegae'magistratum
674 1999 726 2057 per
742 1980 912 2038 seditionem
929 1979 977 2037 alr

139 2059 260 2137 rogavit,
283 2077 405 2137 quorum
434 2059 631 2116 interfectores
658 2059 849 2136 impleverunt
876 2059 976 2117 orbem

139 2146 277 2216 terrarum
292 2139 417 2196 nominis
432 2139 475 2196 sui
489 2137 587 2216 gloria,
600 2139 650 2196 sed
660 2139 885 2198 eum-auderet
898 2139 976 2196 enim

139 2220 242 2291 dicere,
258 2238 324 2276 cum
342 2219 465 2296 patriam
484 2218 611 2296 periculo
633 2239 684 2276 suo
701 2219 977 2276 liberasset-cuius

139 2299 297 2357 nefandum
308 2298 478 2356 adulterium
488 2299 518 2355 in
527 2297 723 2376 pulvinaribus
733 2299 917 2356 sanctissimis
927 2317 978 2355 no

89 2415 92 2419 -
139 2377 294 2436 bilissimae
304 2378 428 2436 feminae
440 2377 732 2455 comprehenderunt:
756 2378 801 2436 73.
812 2377 978 2450 eumenius

140 2451 281 2536 supplicio
290 2464 404 2516 senatus
413 2457 562 2516 sollemnes
570 2457 722 2535 religiones
731 2457 885 2534 expiandas
893 2475 978 2534 saepe

139 2539 267 2596 censuit:
289 2557 363 2608 eum,
376 2556 460 2614 quem
478 2557 543 2595 cum
564 2557 660 2596 sorore
679 2556 815 2615 germana
835 2536 977 2594 nefarium

141 2624 272 2694 stuprum
286 2616 387 2674 iecisse
403 2616 434 2674 L.
445 2616 578 2674 Lucullus
594 2617 703 2674 iuratus
719 2636 749 2674 se
764 2615 978 2694 quaestionibus

140 2697 247 2755 habitis
263 2697 337 2754 dixit
357 2697 544 2774 comperisse:
566 2713 640 2768 eum,
653 2697 703 2774 qui
719 2697 818 2768 civem,
831 2715 916 2773 quem
937 2713 979 2752 se-

140 2785 331 2854 natus-quem
348 2777 472 2854 populus
487 2775 643 2847 Romanus,
655 2795 740 2854 quem
758 2795 857 2833 omnes
877 2781 978 2852 gentes

140 2857 220 2914 urbis
236 2876 268 2914 ac
285 2857 360 2914 vitae
377 2857 483 2914 civium
500 2862 727 2913 conservatorem
743 2855 911 2925 iudicarant,
924 2873 979 2911 ser-

141 2956 243 2994 vorum
265 2937 351 2994 arinis
373 2935 587 2993 exterminavit:
609 2953 683 3006 eum,
706 2935 755 3012 qui
779 2953 867 3011 regna
888 2933 977 3005 dedit,

142 3017 257 3088 ademit,
272 3015 372 3074 orbem
392 3021 529 3072 terrarum
554 3014 722 3090 quibuscum
745 3013 836 3071 voluit
856 3014 980 3091 partitus

142 3103 201 3154 est:
224 3114 298 3166 eum,
311 3095 360 3172 qui
370 3094 501 3171 plurimis
514 3092 648 3151 caedibus
661 3093 692 3149 in
706 3093 771 3150 foro
785 3093 870 3151 factis
884 3093 980 3170 singu·

141 3175 193 3234 lari
207 3176 312 3232 virtute
326 3179 355 3231 et
368 3173 460 3250 gloria
475 3173 566 3230 civem
580 3172 699 3230 domum
713 3171 742 3230 vi
758 3179 788 3230 et
804 3173 890 3230 armis
903 3191 980 3231 com·
