2262 3418
126 113 174 162 126
281 108 352 161 PRO
368 106 508 162 ARCHIA
523 104 642 159 POETA
658 104 801 158 ORATIO.

125 195 418 288 commentitiaque
441 209 528 269 etiam
548 207 699 268 delubrum
720 207 780 266 eius
800 205 831 264 in
852 205 965 283 oppido

126 291 328 349 dedicaverunt
337 289 354 348 τ’
365 289 501 368 permulti
517 288 566 346 alii
580 294 726 366 praeterea
741 293 871 365 pugnant
886 286 966 346 inter

126 391 156 430 se
177 377 262 448 atque
284 369 469 428 contendunt
511 367 565 428 IX.
582 367 660 446 Ergo
681 367 723 437 illi
746 367 879 438 alienum,
895 366 966 442 quia

126 457 215 529 poeta
230 449 295 521 fuit,
307 456 373 527 post
389 455 513 509 mortem
533 448 620 508 etiam
641 453 794 533 expetunt:
816 445 964 508 noshunc

126 530 231 600 vivum,
248 529 297 606 qui
318 536 347 588 et
362 528 509 587 voluntate
523 536 552 587 et
567 527 679 605 legibus
698 533 796 585 noster
815 532 966 602 estrepu-

126 609 254 668 diamusl
274 608 440 686 praesertim
457 627 523 666 cum
540 626 626 666 omne
642 607 711 664 olim
728 605 855 664 studium
875 611 965 682 atque

126 707 211 746 omne
232 688 380 766 ingenium
404 687 557 746 contulerit
577 685 698 746 Archias
724 684 762 742 ad
783 683 884 762 populi
906 683 965 742 Rc-

126 768 204 826 mani
231 766 353 845 gloriam
380 766 551 844 laudemque
577 765 792 824 celebrandaml
833 763 909 822 Nam
932 770 965 822 et

126 846 284 905 Cimbricas
300 865 344 904 res
360 845 524 904 adolescens
539 845 637 922 attigit
653 851 683 902 et
695 844 751 921 ipsi
764 843 806 901 illi
820 841 852 902 O.
860 842 963 916 Mario,

125 927 177 1004 qui
198 925 297 984 durior
315 924 438 984 adhaec
457 925 552 984 studia
567 924 724 995 videbatur,
739 922 879 981 iucundus
895 922 962 982 fuit.

127 1011 173 1063 20.
190 1005 291 1083 Neque
308 1005 386 1062 enim
403 1004 552 1082 quisquam
570 1010 689 1062 cattam
709 1021 823 1062 aversus
839 1022 856 1060 a
872 997 964 1061 Musis

128 1085 177 1163 qui
191 1103 249 1143 non
263 1084 392 1142 mandari
402 1083 529 1142 versibus
542 1090 689 1142 aeternum
702 1101 819 1140 suorum
833 1081 964 1140 laborum

127 1163 211 1222 facile
238 1164 422 1243 praeconium
449 1164 581 1241 patiatur.
622 1160 846 1220 Themistoclem
872 1161 963 1233 illum,

127 1261 272 1302 summum
292 1243 417 1303 Athenis
436 1243 538 1315 virum,
554 1241 658 1301 dixisse
683 1242 771 1314 aiunt,
786 1260 853 1298 cum
873 1259 908 1298 ex
928 1260 965 1298 co

128 1331 316 1401 quaereretur,
332 1323 408 1397 qaod
428 1341 560 1380 acroama
582 1329 636 1378 aar
659 1322 742 1378 aac'aa
766 1339 856 1378 aecem
881 1321 966 1378 libea-

129 1404 234 1462 alsamo
254 1403 375 1475 audiret,
387 1403 455 1474 clar,
467 1421 486 1458 a
507 1421 563 1474 qao
583 1420 637 1458 aaa
655 1402 748 1458 uirtus
768 1400 872 1474 optime
882 1419 965 1473 prae·

127 1484 279 1540 dicaretur.
321 1481 422 1559 Itaque
439 1481 486 1538 ille
503 1480 610 1552 Marius
626 1481 697 1538 item
714 1479 817 1538 eximie
834 1478 865 1537 1..
875 1479 966 1538 Ploti-

128 1582 178 1620 um
194 1562 302 1632 unexit,
315 1561 396 1619 cuius
412 1560 528 1638 ingenio
544 1559 665 1638 putabat
681 1579 810 1637 eaquae
830 1565 964 1636 gesserat,

127 1662 211 1720 posse
241 1640 382 1700 celebrari.
429 1646 475 1698 21.
498 1639 727 1698 Mithridaticum
753 1659 821 1697 vcro
848 1638 964 1711 bellum,

127 1740 266 1798 maguum
286 1727 372 1797 atque
390 1718 505 1777 difficile
526 1719 606 1778 etin
626 1718 717 1778 multa
736 1719 872 1778 varietate
892 1725 968 1778 terra

127 1801 255 1878 marique
269 1806 419 1870 versatum,
431 1806 526 1857 totum
540 1799 576 1857 ab
590 1798 645 1856 hoc
659 1817 823 1877 expressum
837 1805 894 1858 est:
917 1799 968 1876 qui

127 1880 193 1938 libri
210 1899 269 1937 non
285 1879 373 1936 modo
390 1878 421 1937 L.
433 1869 793 1950 Lucullum‚'fcrtissimum
806 1885 837 1938 et
850 1878 968 1936 clarissi-

128 1973 209 2020 mum
234 1959 335 2029 virum,
352 1978 452 2018 verum
476 1959 563 2017 etiam
587 1958 689 2036 populi
712 1957 837 2018 Romani
860 1977 968 2016 nomen

128 2041 278 2098 illustrant.
315 2038 445 2117 Populus
461 2039 539 2097 enim
556 2038 703 2097 Romanus
716 2038 831 2117 aperuit
848 2037 969 2098 Lucullo

92 2115 94 2119 ’
128 2121 286 2198 imperante
300 2119 428 2177 Pontum
443 2126 472 2177 et
485 2119 572 2196 regiis
586 2119 732 2196 quondam
746 2118 850 2196 opibus
863 2118 970 2196 etipsa

128 2209 230 2259 natura
240 2207 269 2258 et
278 2198 557 2277 regionevallatum:
578 2198 680 2276 populi
690 2197 814 2256 Romani
828 2198 969 2256 exercitus

129 2281 231 2340 eodem
241 2280 313 2339 duce
329 2299 388 2337 non
402 2279 528 2336 maxima
541 2296 628 2336 manu
638 2277 859 2349 innumerabiles
868 2277 970 2336 Arme-

129 2362 242 2419 niorum
257 2359 354 2439 copias
367 2359 462 2417 fudit:
483 2358 584 2437 populi
598 2357 722 2418 Romani
736 2357 797 2416 laus
811 2364 855 2416 est
868 2357 970 2416 urbem

130 2440 331 2498 amicissimam
341 2438 549 2516 Cyzicenorum
563 2437 691 2496 eiusdem
705 2437 825 2497 consilio
840 2457 875 2496 cx
889 2437 970 2496 omni

129 2521 240 2597 impetu
254 2519 334 2595 regio
348 2526 434 2596 atque
450 2518 540 2576 totius
554 2517 621 2576 belli
638 2537 686 2576 ore
700 2517 879 2576 acfaueibus
892 2537 971 2594 erep-

130 2606 191 2656 tam
212 2617 272 2655 esse
289 2605 375 2675 atque
391 2605 546 2656 servatam:
567 2604 665 2657 nostra
681 2617 793 2675 semper
812 2597 921 2656 feretur
940 2603 971 2655 et

130 2676 340 2754 praedicabitur
360 2676 391 2735 L.
404 2676 523 2736 Lucullo
544 2677 699 2736 dimicante
719 2676 971 2736 cuminterfcctis

132 2756 253 2814 ducibus
266 2756 399 2833 depressa
412 2756 540 2814 hostium
554 2757 650 2815 elassis
664 2764 693 2816 et
707 2756 883 2814 incredibilis
893 2755 972 2833 apud

132 2835 281 2902 Tenedum
301 2854 399 2912 pugna
419 2835 467 2894 illa
487 2837 611 2894 navalis:
631 2843 734 2910 nostra
757 2842 824 2893 sunt
844 2843 969 2913 tropaea,

132 2921 230 2972 nostra
245 2921 440 2984 monumenta,
454 2915 546 2972 nostri
561 2915 709 2992 triumphi.
751 2913 831 2984 Quae
848 2933 971 2992 quorum

133 2993 255 3069 ingeniis
272 2994 436 3064 efferuntur,
452 2992 487 3049 ab
502 2993 537 3050 iis
575 2993 654 3071 opuli
668 2994 793 3052 Romani
807 2994 886 3052 fama
902 2995 973 3054 cele-

133 3070 237 3130 bratur.
280 3078 327 3130 22.
349 3071 439 3129 Carus
465 3071 524 3130 fuit
588 3073 683 3130 ricano
711 3073 850 3150 superiori
874 3080 973 3132 noster

134 3149 252 3224 Ennius,
267 3151 363 3230 itaque
380 3151 467 3210 ctiam
480 3150 512 3209 in
528 3150 657 3230 sepulcro
671 3151 840 3232 Scipionum
853 3159 974 3231 putatur
