2262 3418
146 133 195 181 132
281 132 352 185 PRO
368 133 399 184 T.
413 131 530 183 ANNIO
547 131 687 184 MILONE
703 129 846 182 ORATIO.

146 231 206 280 dere
218 231 294 280 moris
307 240 378 292 esset,
388 247 411 282 a.
421 231 447 282 (ι.
458 233 536 281 Χιιι.
549 231 607 280 Kal.
617 231 784 280 Febr.-—acta
797 229 890 280 etenim
903 231 985 293 magis

146 297 274 358 sequenda
281 305 306 345 et
315 298 394 358 ipsam
403 299 549 354 orationem,
558 311 621 359 quae
632 297 695 344 actis
703 297 827 356 congruit,
837 307 897 359 puto
909 312 985 360 qnam

146 362 320 422 Fenestellam,
332 363 374 425 qui
387 377 410 410 a.
421 362 445 411 d.
456 363 530 410 XIV.
540 362 597 410 Kal.
608 363 680 410 Febr.
691 361 863 410 tradit—Milo
874 363 986 420 Lanuvi-

146 443 198 487 um,
210 444 243 476 ex
256 443 304 490 quo
316 436 370 476 erat
384 428 519 489 municipio
533 437 557 476 et
569 427 603 475 ibi
616 435 669 475 tum
680 427 794 484 dictator,
806 426 933 489 proiectus
946 437 985 478 est

147 493 179 541 ad
194 492 319 541 flaminem
325 492 489 554 prodendum
503 502 602 554 postera
615 491 677 542 die.
699 491 815 549 Occurrit
826 492 849 540 ei
863 493 929 541 circa
940 493 985 542 ho-

146 574 201 607 ram
215 573 306 606 nonem
319 557 421 606 Clodius
432 557 515 620 paullo
527 557 593 605 ultra
604 557 722 616 Bovillas,
734 557 831 606 rediens
845 559 877 606 ab
889 559 983 622 Aricia,

146 639 222 688 prope
239 637 295 672 eum
311 623 423 683 locum,'
417 638 442 671 m
460 637 509 686 quo
525 623 613 671 Bonae
629 622 691 671 deae
707 622 825 671 sacellum
841 630 886 672 est.
922 624 986 675 Erat

146 699 231 738 autem
239 687 371 736 adlocutus
377 688 521 736 decuriones
529 687 698 736 Aricinorunl.
730 687 986 740 Vehebatanlodins

146 769 218 818 equo.
255 754 324 803 Servi
337 753 423 802 XXX.
435 753 487 802 fere
503 753 621 830 expediti,
632 761 660 801 ut
672 752 716 801 illo
732 761 844 815 tempore
859 767 914 802 mos
931 763 985 804 erat

146 821 193 868 iter
204 819 358 879 facientibus,
369 818 466 881 gladiis
468 819 542 867 cincti
549 819 727 894 sequebantur.
764 818 844 866 Erant
856 833 913 867 cum
927 819 985 868 Clo-

146 886 188 934 dio
205 892 332 946 praeterea
348 893 398 932 tres
415 881 517 932 comites
533 883 594 944 eius,
608 899 641 932 ex
658 883 747 946 quibus
764 898 839 959 eques
856 883 985 934 Romanus

147 964 219 1010 unus,
232 949 262 999 C.
277 949 410 999 Causinius
430 949 510 1009 Scala,
524 948 574 996 duo
594 948 627 1004 de
648 948 739 1012 plebe
738 949 796 1008 novi
815 948 935 1010 homines,
950 950 982 1000 P.

146 1014 308 1078 Pomponius,
320 1015 349 1064 C.
363 1013 472 1064 Clodius
511 1013 573 1062 Milo
590 1013 666 1062 raeda
681 1001 817 1062 vehebatur
833 1028 890 1061 cum
906 1029 986 1063 uxore

141 1081 251 1140 Fausta,
263 1079 315 1128 filra
328 1081 357 1130 1.
369 1079 453 1129 Sullae
469 1079 606 1139 dictatoris,
618 1087 643 1128 et
657 1079 694 1128 M.
704 1079 777 1127 Fufio
790 1079 912 1128 familiare
929 1095 982 1129 suo.

146 1147 299 1208 Sequebatur
310 1161 352 1194 eos
364 1161 482 1206 maguum
496 1159 622 1194 servorum
633 1158 731 1204 agmen,
742 1145 819 1192 inter
818 1159 879 1207 quos
890 1144 986 1201 gladia,-

147 1221 211 1260 tores
224 1227 322 1274 quoque
333 1221 411 1271 erant,
423 1225 455 1260 ex
469 1211 557 1273 quibus
571 1209 621 1258 duo
634 1209 696 1270 noti,
707 1209 838 1261 Eudamus
852 1218 877 1258 et
891 1210 983 1260 Birria.

146 1277 203 1324 liin
214 1277 301 1325 ultimo
313 1277 411 1338 agmine
419 1276 513 1324 tardius
521 1285 608 1324 euntes
618 1290 676 1324 cum
687 1275 764 1323 servis
774 1276 804 1324 P
812 1275 894 1324 Clodii
903 1275 986 1326 rixam

145 1343 331 1392 commiserunt.
368 1342 410 1390 Ad
421 1356 497 1404 quem
508 1341 642 1390 tumultum
654 1355 712 1388 cum
724 1339 872 1403 respexisset
883 1341 985 1390 Clodius

146 1408 340 1467 minitabundus,
358 1407 490 1456 humerum
514 1407 566 1455 eius
591 1405 676 1454 Birria
700 1405 853 1470 rhomphaea
876 1407 982 1474 traiecit.

146 1473 209 1520 Inde
223 1489 279 1521 cum
294 1488 321 1521 οι
323 1483 349 1520 ta
362 1480 427 1521 esset
440 1487 531 1536 pugna,
542 1472 624 1535 plures
636 1471 768 1520 Miloniani
782 1482 982 1522 accucurrerunt.

146 1537 249 1586 Clodius
263 1538 425 1586 vulneratus'
418 1553 443 1586 ιιι
458 1538 588 1586 tabernam
602 1537 743 1601 proximam
757 1537 781 1585 in
797 1538 929 1588 Bovillano
942 1539 986 1588 (ιο-

81 1597 90 1614 “
145 1602 211 1651 latus
224 1612 270 1652 est
289 1600 369 1651 Milo
386 1611 413 1651 ut
430 1603 546 1664 cognorit
559 1602 714 1651 vulneratum
729 1603 853 1665 Clodium,
864 1619 921 1652 cum
938 1605 985 1653 sibi

142 1661 305 1731 Ιιιοίιιιιιοειιιι
318 1668 381 1726 illud
398 1668 474 1716 etiam
489 1669 546 1717 vivo
562 1683 592 1717 eo
608 1668 720 1718 futurum
732 1640 898 1746 ιιιιοιιιςοίοι,Ι
903 1670 986 1718 occiso

145 1743 229 1782 autem
243 1748 360 1794 maguum
376 1733 494 1782 solacium
505 1742 571 1782 esset
584 1734 721 1811 habiturus,
732 1735 809 1783 etlam
822 1736 842 1782 si
857 1735 986 1784 subeunda

145 1808 210 1848 esset
221 1815 309 1862 poena,
319 1799 447 1848 exturbari
460 1800 579 1848 taberna*
572 1800 652 1849 tussit.
680 1800 740 1848 Fuit
748 1799 925 1858 eutesiprranus
933 1815 986 1850 σοι,

145 1879 233 1913 vorum
244 1867 297 1913 eius
308 1865 345 1913 M.
357 1865 479 1914 Saufeius.
513 1867 597 1928 Atque
606 1866 644 1914 ita
654 1865 757 1914 Clodius
768 1864 848 1914 latens
858 1874 985 1914 extractus

145 1939 183 1979 est
197 1931 331 1994 multisque
341 1930 485 1979 vulneribus
498 1931 633 1981 conlectus.
670 1931 783 1980 Cadaver
794 1930 847 1979 eius
857 1931 884 1978 in
895 1931 935 1980 ria
946 1945 985 1980 re-

142 1995 242 2057 lictum,
252 1997 310 2059 quia
327 1997 390 2044 servi
404 1996 486 2044 Clodii
500 2006 543 2044 aut
556 1996 630 2044 occisi
644 2005 716 2045 erant
729 2003 773 2044 ant
785 1996 895 2056 maniter
908 1996 985 2044 saucii

144 2060 264 2121 latebunt,
274 2063 332 2111 Sex.
339 2061 432 2110 'Pedius
447 2071 553 2118 senator,
566 2061 608 2124 qui
622 2062 687 2110 forte
700 2077 734 2110 ex
744 2075 801 2109 rare
809 2061 837 2109 in
847 2063 932 2110 urbem
946 2076 985 2110 re-

143 2129 294 2186 vertebatur,
310 2127 409 2176 sustulit
425 2136 451 2176 et
465 2127 553 2175 lectica
569 2141 614 2174 sua
627 2127 734 2175 Romam
750 2124 810 2174 istri
827 2127 913 2176 iussit:
928 2127 985 2190 -ipse

145 2208 229 2240 narsus
242 2193 338 2252 eodem,
351 2193 417 2241 unde
428 2201 483 2241 erat
496 2205 616 2252 egressus,
627 2206 654 2240 se
666 2192 766 2254 recepit.
802 2192 985 2242 Perlatumfest
1044 2237 1047 2242 ,

145 2273 235 2321 corpus
249 2258 331 2306 Clodii
347 2267 406 2306 ante
419 2259 526 2320 primam
542 2258 622 2305 noctis
638 2257 725 2305 horam
741 2257 891 2321 intimaeque
906 2257 985 2320 plebis

145 2333 171 2371 et
185 2339 311 2372 servorum
326 2324 437 2372 maxima
451 2322 584 2371 multitudo
597 2337 688 2383 magno
699 2323 768 2370 luctu
782 2337 871 2386 eorpus
882 2323 908 2370 in
920 2323 985 2371 atrio

146 2388 234 2437 domus
245 2389 353 2450 positum
365 2388 535 2437 circumstetit.
570 2388 687 2448 Augebat
698 2396 782 2436 autern
790 2387 853 2436 ¹iacti
864 2387 985 2436 invidiam

145 2469 213 2502 uxor
229 2453 312 2503 Clodii
331 2455 427 2503 Fulvia.
440 2468 503 2516 quae
519 2467 575 2500 cum
593 2453 672 2500 effusa
688 2453 867 2501 lamentatione
882 2453 985 2501 vulnera

146 2520 200 2568 eius
218 2519 370 2568 ostendebat.
407 2519 490 2566 Maior
506 2527 606 2580 postera
624 2517 665 2566 die
681 2518 736 2566 luoe
752 2518 832 2581 prima
850 2518 985 2566 multitudo

145 2585 257 2632 eiusdem
273 2585 370 2645 generis
389 2583 511 2632 confluxit
527 2582 715 2646 compluresque
732 2583 783 2631 noti
801 2584 915 2632 homines
930 2583 985 2632 elisi

146 2659 212 2710 sunt,
225 2651 289 2698 inter
305 2663 367 2712 quos
385 2649 413 2697 C.
425 2649 545 2697 Vibienus
563 2657 671 2698 senator.
706 2649 769 2697 Erat
785 2649 875 2697 domus
891 2649 982 2709 Clodii,

146 2725 205 2763 ante
213 2729 306 2778 paucos
316 2727 413 2763 menses
422 2723 507 2776 empta
518 2714 550 2762 de
558 2713 594 2762 M.
605 2714 707 2774 Scauro,
713 2714 740 2762 ln
750 2714 857 2763 Palatio.
887 2714 985 2762 Eodem

146 2782 177 2828 T.
188 2781 316 2828 Munatius
332 2780 447 2838 Plancus,
460 2779 538 2828 frater
553 2779 583 2828 L.
595 2779 683 2828 Planci
698 2780 812 2840 oratoris,
823 2789 849 2828 et
866 2778 896 2840 Q.
908 2781 986 2828 Ροιιι-

145 2846 215 2908 peius
228 2846 315 2906 Rufus,
325 2845 408 2894 Sullae
419 2844 547 2893 dictatoris
561 2859 594 2892 ex
607 2844 660 2892 filia
670 2859 756 2905 nepos,
764 2845 857 2894 tribuni
868 2845 901 2907 pl.
911 2859 986 2894 accu-

146 2920 284 2970 currerunt,
298 2910 382 2972 eisque
398 2909 555 2958 hortantibus
571 2909 660 2970 vulgus
675 2910 818 2972 imperitum
835 2925 923 2971 carpus
939 2924 986 2958 ιιιι-

147 2976 206 3024 dum
224 2991 253 3024 ac
267 2976 381 3035 lutatam,
394 2975 429 3022 sic
442 2983 469 3022 ut
482 2976 508 3023 in
522 2975 587 3024 lecto
600 2983 654 3024 erat
667 2976 783 3038 positum,
794 2984 823 3023 ut
835 2976 937 3024 vulnera
949 2975 992 3032 vt,

147 3040 198 3089 deri
214 3049 323 3103 possent,
334 3041 360 3088 in
374 3041 456 3088 forum
470 3039 560 3093 detulit
576 3048 601 3088 et
614 3041 640 3088 in'
658 3040 745 3088 rostris
758 3041 846 3102 posuit
883 3041 923 3088 Ibi
940 3053 986 3103 pre

147 3106 264 3154 contione
280 3106 388 3154 Plancus
405 3115 431 3154 et
448 3105 590 3167 Pompeius,
604 3105 647 3168 qui
665 3105 866 3167 competitoribus
883 3105 987 3154 Milonis

147 3170 288 3231 studebant,
298 3170 418 3219 insidiam
425 3169 515 3226 Miloni
525 3170 644 3219 fecerunt.
671 3170 784 3233 Populus
794 3170 857 3219 duce
865 3170 988 3222 &acte
