2262 3412
134 148 151 195 2
242 145 293 194 Du
310 142 463 195 IMPERIO
480 142 533 194 CN.
548 141 701 194 POMPEII
717 141 859 194 ORATIO.

135 245 237 318 adhuc,
249 245 299 304 sed
313 246 387 303 vitae
400 265 482 304 meae
494 245 618 304 rationes
632 244 667 302 ab
678 245 794 303 ineunte
807 247 899 303 aetate
914 265 972 304 sus·

135 333 234 403 ceptae
249 325 464 403 prohibuerunt.
507 325 583 382 Nam
600 344 665 382 cum
682 331 766 383 antea
781 344 833 402 per
848 332 971 384 aetatem

134 404 265 462 nondum
281 405 366 462 huius
387 405 585 464 anctoritatem
601 404 657 462 loci
678 405 817 482 attingere
838 358 1118 493 auderemwllav

135 491 345 562 statueremque
355 484 427 541 nihil
437 484 493 542 huc
504 484 559 542 nisi
569 485 729 562 perfectum
744 484 867 561 ingenie,
880 503 895 542 e
906 504 923 542 a
943 505 972 542 0

134 570 230 622 ratum
250 564 390 622 industria
410 564 515 622 adferri
532 571 671 641 oportere,
688 583 772 621 omne
788 581 885 621 meum
901 571 972 622 tem-

134 663 189 722 pus
212 645 370 701 amicornm
390 643 569 721 temporibus
588 643 839 701 transmittendum
862 645 969 721 putavi.

135 731 162 782 2.
181 723 226 781 Ita
246 743 337 800 neque
356 723 403 781 hic
420 724 499 782 locus
517 742 622 780 vacuus
642 742 779 800 umquam
797 723 855 780 fuit
872 723 908 781 ab
926 723 970 796 iis,

135 803 185 880 qui
203 809 326 860 vestram
347 823 460 860 causam
481 803 675 874 defenderent,
691 809 720 860 et
740 822 821 860 meus
841 801 921 860 labor
940 803 971 860 in

134 883 310 960 privatorum
320 881 453 960 perieulis
467 889 542 941 caste
552 883 718 959 integreque
728 889 854 940 versatus
868 901 902 940 ex
913 901 972 940 ves

134 969 180 1018 tro
204 961 312 1019 iudicio
337 963 464 1020 fructum
492 969 535 1020 est
558 961 766 1039 amplissimum
793 969 969 1020 consecutus
1000 1025 1010 1046 ·

134 1040 211 1098 Nam
230 1060 295 1098 cum
313 1041 615 1119 propter‘dilationem
634 1041 817 1099 comitiorum
833 1049 972 1118 10111100-

134 1127 181 1178 tor
214 1121 303 1178 rimus
321 1121 456 1182 centuriis
476 1121 586 1179 cunctis
602 1121 780 1179 renuntiatus
801 1140 873 1193 sum,
887 1121 970 1180 facile

125 1140 269 1276 intellexi,
281 1199 413 1272 Quirites,
426 1208 455 1260 et
472 1201 594 1279 quidde
613 1220 659 1258 me
675 1200 839 1258 iudicaretis
855 1205 884 1258 et
901 1201 971 1278 quid

126 1281 196 1338 ¹aliis
218 1281 452 1358 praescriberetis.
495 1281 579 1339 Nunc
602 1279 668 1338 011111
690 1285 719 1338 01
740 1280 919 1338 auctoritatis
939 1281 970 1338 in

133 1379 180 1418 me
200 1367 313 1419 tantum
335 1361 379 1432 sit,
396 1367 534 1438 quantum
553 1380 604 1418 vos
623 1359 781 1417 honoribus
801 1359 971 1418 mandendis

134 1459 194 1498 0880
205 1441 343 1511 voluistis
353 1447 382 1498 ct
393 1440 429 1497 ad
440 1439 583 1516 agendum
598 1438 742 1497 facultatis
752 1446 874 1511 tantum,
885 1457 971 1518 quan-

126 1526 197 1590 tum
213 1519 325 1577 homini
339 1519 469 1596 vigilanti
483 1538 517 1576 ex
533 1519 642 1576 forensi
656 1538 709 1576 usu
722 1539 813 1598 prope
827 1519 972 1578 cotidiana

134 1599 248 1658 dicendi
264 1599 428 1656 exercitatio
449 1599 546 1676 potuit
569 1599 688 1670 adferre,
706 1606 782 1657 certe
806 1607 835 1658 01
856 1599 880 1657 81
901 1600 971 1677 quid

99 1735 101 1742 ,
133 1679 310 1737 auctoritatis
326 1679 356 1735 in
373 1697 419 1736 me
436 1685 487 1750 est,
502 1678 580 1756 apud
600 1698 649 1736 eos
669 1685 740 1750 utar,
753 1679 803 1756 qui
822 1699 885 1738 eam
898 1679 971 1737 mihi

133 1759 281 1830 dedemnt,
293 1765 322 1816 et
336 1758 360 1814 81
378 1758 449 1835 quid
464 1758 495 1815 in
511 1758 633 1816 dicendo
648 1760 783 1836 consequi
797 1778 923 1837 possum,
935 1760 971 1816 iis

133 1838 282 1896 ostendam
292 1837 484 1915 potissimum,
494 1839 544 1915 qui
558 1839 584 1897 ei
599 1858 712 1916 quoque
726 1839 767 1896 rei
777 1839 902 1897 fructum
919 1859 970 1896 suo

132 1917 240 1975 iudicio
261 1917 444 1975 tribuendum
466 1937 526 1976 esse
547 1918 697 1992 duxerunt.
741 1925 766 1978 3.
782 1919 880 1996 Atque
899 1917 970 1978 illud

132 1998 163 2054 in
183 1997 285 2074 primis
305 1997 378 2054 mihi
396 1996 560 2070 laetandum
579 1999 640 2057 iure
660 2017 720 2057 esse
735 1999 827 2071 video,
843 1999 921 2076 quod
939 1999 970 2056 in

132 2077 186 2134 hae
202 2077 300 2135 insolit
288 2084 318 2135 ta
332 2076 406 2134 mihi
422 2097 457 2136 ex
472 2077 528 2136 hoo
545 2063 608 2136 loco
625 2079 736 2138 ratione
752 2044 866 2137 diceirdi
887 2099 971 2137 cansa

132 2156 197 2215 talis
214 2156 309 2214 oblata
327 2157 421 2229 081,111
438 2177 494 2235 qua
515 2159 606 2216 oratio
621 2158 718 2216 deesse
739 2159 848 2217 nemini
867 2159 968 2252 possit.

131 2236 295 2296 Dicendum
310 2237 440 2295 0810111111
455 2237 490 2296 de
502 2237 554 2296 Gn.
564 2238 698 2331 Pompeii
710 2238 845 2316 singulari
856 2239 971 2298 eximia-

103 2385 104 2388 ,
133 2337 188 2396 que
198 2318 321 2376 virtute:
342 2318 428 2375 huius
441 2325 537 2376 autem
552 2319 690 2376 orationis
704 2318 847 2377 difficilius
861 2320 971 2378 0810111-

131 2405 195 2455 111111
213 2417 298 2474 qnam
314 2397 489 2476 principium
508 2399 642 2457 invenire.
685 2398 731 2456 Ita
746 2398 819 2455 mihi
835 2418 894 2457 non
910 2405 971 2458 tam

132 2477 216 2554 copia
230 2497 315 2555 quam
329 2478 433 2536 modus
446 2478 477 2535 in
491 2477 613 2536 dicendo
628 2479 805 2570 quaerendus
819 2486 868 2536 est.

173 2556 210 2614 Π.
253 2562 280 2616 4.
302 2557 400 2635 Atque
421 2565 454 2616 ut
475 2558 543 2616 inde
566 2559 657 2616 oratio
680 2577 745 2616 mea
765 2557 969 2636 proficiscatur,

132 2636 209 2695 unde
222 2637 291 2695 haec
309 2639 403 2695 omnis
419 2657 503 2696 cansa
519 2637 599 2696 ducit
587 2645 641 2710 tur,
652 2637 760 2696 bellum
776 2657 861 2715 grave
878 2645 907 2697 et
923 2658 971 2716 pe-

132 2716 286 2773 riculosum
302 2718 401 2788 1081118
414 2717 649 2796 vectigalibusac
666 2719 750 2775 sociis
764 2737 781 2775 a
794 2718 907 2776 duobus
921 2737 971 2796 po-

132 2796 301 2853 tentissimis
321 2796 436 2875 regibus
456 2797 586 2869 infertur,
602 2797 768 2855 Mithridate
790 2805 819 2855 et
837 2797 968 2875 Tigrane,

133 2894 255 2952 quorum
269 2876 308 2934 alt
296 2883 339 2934 ter
352 2876 473 2947 10110118,
483 2877 554 2934 alter
564 2877 709 2934 lacessitus
724 2877 901 2935 occasionem
916 2878 970 2935 sibi

132 2955 170 3012 ad
197 2956 392 3033 occupandam
416 2956 517 3013 Asiam
548 2956 673 3013 oblatam
701 2975 761 3014 esse
788 2956 968 3015 arbitrantur.

132 3033 286 3112 Equitibns
310 3035 456 3107 Romanis,
473 3035 682 3093 honestissimis
706 3036 781 3107 viris,
802 3036 936 3094 adferunt
924 3044 971 3095 tur

133 3133 168 3170 011
183 3114 255 3172 Asia
268 3121 315 3172 001
303 3114 373 3172 tidie
387 3080 497 3172 litterae
499 3133 639 3192 ,quorum
654 3132 774 3192 magnae
789 3135 833 3174 res
847 3124 971 3209 aguntur

127 3193 163 3250 -in
176 3195 277 3253 1081118
292 3192 479 3270 vectigalibus
495 3193 658 3252 exercendis
675 3202 845 3274 occupatae.
867 3197 917 3274 qui
934 3197 970 3255 ad
