2240 3418
380 85 656 184 canssxru-xvr,
672 114 687 180 s
701 121 791 172 een.
811 105 813 110 '
957 123 1009 173 rer

165 215 301 296 saepius?
322 203 400 296 quod
417 217 533 295 quidem
552 197 613 277 erat
631 235 779 298 magnum,
791 221 828 280 de
848 241 961 280 summa
978 242 1009 282 re

4 367 8 374 ἱ
167 297 1008 377 publicadissentientesineademconsuetudineamicitiae

117 375 122 386 ’
167 397 341 456 permanere.
383 377 446 456 Ego
468 378 538 456 qnid
558 378 605 436 ille
626 387 655 438 et
675 388 775 439 contra
795 382 842 440 ille
864 383 934 461 quid
953 403 1007 462 ego

168 459 303 516 sentirem
328 465 358 516 et
381 465 537 535 spectarem
562 458 698 527 videbat..
726 461 791 538 Ego
815 463 1007 522 incolumitati

160 537 274 598 civium
295 536 430 614 primum,
449 544 481 596 ut
503 546 604 615 postea
627 540 763 617 dignitati
784 561 942 620 possemus,
960 544 1007 602 ille

167 617 310 696 praesenti
326 617 462 694 digrn'tati
478 619 576 694 potius
592 619 766 678 consulebat.
809 621 894 692 Quod
911 631 1007 682 autem

167 696 292 766 habebat
305 703 424 774 uterque
441 697 512 776 quid
525 707 697 777 sequeretur,
709 693 816 760 idcirco
832 693 1008 774 tolerabilior

167 785 228 836 erat
244 784 342 835 nostra
358 777 504 838 dissensio.
548 785 594 838 39.
610 778 689 848 Quid
704 800 771 840 vero
787 782 835 840 ille
855 782 1007 860 singularis

167 857 211 914 vir
226 876 259 914 ac
273 869 363 934 paene
380 858 494 916 divinus
510 858 547 916 de
563 879 610 918 me
629 861 747 920 senserit
764 863 858 930 sciunt
875 863 924 940 qui
941 882 1006 921 eum

167 937 204 996 de
224 937 372 996 Pharsalia
392 938 465 1015 fuga
483 938 618 1016 Paphum
638 941 780 1018 persecuti
800 949 874 1001 sunt.
917 942 1007 1001 Num-

168 1035 254 1094 quam
269 1017 304 1074 ab
318 1037 353 1074 eo
367 1018 477 1075 mentio
491 1018 527 1076 de
541 1038 588 1077 me
601 1021 657 1077 nisi
674 1021 839 1094 honorifica,
851 1022 906 1080 nisi
923 1023 1007 1101 plena

135 1161 138 1167 ,
167 1096 333 1156 mnicissimi
350 1097 492 1169 desiderii,
503 1117 568 1157 cum
590 1119 636 1158 me
653 1101 757 1159 vidisse
774 1101 839 1178 plns
859 1103 1005 1174 fateretur,

167 1196 197 1236 se
218 1177 373 1254 speravisse
391 1177 518 1236 meliora
559 1179 598 1239 Et
614 1180 675 1238 eins
691 1181 744 1237 viri
764 1182 882 1239 nomine
902 1202 949 1240 me
966 1182 1007 1240 in-

167 1257 268 1316 sectari
284 1257 380 1328 andes,
392 1257 473 1315 cuius
488 1277 535 1316 me
551 1255 684 1331 bmicnm,
696 1266 725 1318 te
739 1267 877 1319 sectorem
892 1281 952 1320 esse
966 1263 1007 1319 fa-

166 1337 260 1394 tearei
300 1336 383 1395 XVI.
399 1335 458 1395 Sed
473 1338 624 1397 omittatur
639 1339 746 1398 bellum
759 1340 842 1412 iilud,
855 1341 884 1398 in
899 1360 957 1418 quo
973 1348 1006 1400 tu

167 1417 290 1475 nimium
300 1417 370 1474 felix
381 1418 471 1476 fuisti.
506 1418 552 1477 Ne
562 1419 596 1476 de
605 1419 675 1477 iocis
686 1419 803 1496 quidem
817 1421 1005 1498 respondebo,

167 1495 271 1574 quibus
287 1515 334 1554 me
351 1497 381 1554 in
398 1497 497 1556 castris
513 1518 597 1557 usum
613 1517 673 1557 esse
690 1499 796 1558 dixisti.
839 1499 930 1558 Erant
946 1501 1007 1578 qui-

161 1575 233 1636 dem
251 1575 301 1634 illa
315 1583 407 1634 castra
422 1577 508 1654 plena
523 1596 620 1637 curae:
641 1598 740 1636 verum
754 1587 851 1638 temen
864 1579 1005 1652 homines,

167 1654 298 1732 quamvis
317 1655 347 1713 in
365 1656 487 1715 turbidis
507 1657 591 1720 rebus
612 1659 678 1729 sint,
689 1665 795 1731 tamen,
807 1661 832 1716 si
851 1660 940 1717 modo
956 1659 1008 1718 ho-

166 1737 260 1794 mines
280 1743 355 1808 sunt,
367 1736 511 1795 interdum
528 1738 631 1796 animis
647 1739 815 1798 relaxantur.
858 1744 905 1798 40,
921 1739 1007 1809 Quod

166 1823 264 1874 autem
280 1817 357 1874 idem
374 1817 548 1875 maestitiam
563 1837 658 1876 meam
672 1819 863 1896 reprehendit,
875 1819 952 1877 idern
967 1819 1008 1876 io-

166 1915 241 1968 cum,
256 1915 363 1974 magno
387 1904 556 1974 argumento
580 1905 624 1956 est
646 1917 694 1956 me
717 1899 747 1956 in
775 1906 897 1977 utroque
917 1899 1007 1958 fuisse

107 2004 112 2011 ·
166 1976 355 2040 moderatum.
994 2035 997 2038 .

206 2056 389 2126 Hereditates
397 2055 470 2113 mihi
478 2056 699 2134 negastivenire.
727 2056 849 2116 Utinam
859 2059 914 2117 hoc
923 2065 1006 2117 tuum

166 2155 264 2194 verum
281 2135 389 2195 crimen
408 2137 498 2194 esset!
518 2136 615 2214 plures
634 2137 719 2195 amici
737 2138 796 2195 mei
812 2145 841 2195 et
857 2139 1007 2196 necessarii

166 2216 300 2274 viverent.
336 2214 545 2293 Sedquiistuc
559 2216 613 2274 tibi
627 2216 748 2274 venitin
762 2219 909 2276 mentemi
942 2217 1006 2295 Ego
1027 2217 1042 2240 ”

166 2296 244 2354 enim
260 2294 384 2372 amplius
401 2296 563 2354 sestertium
579 2296 747 2356 ducentiens
762 2304 911 2374 acceptum
928 2296 1007 2356 here

166 2374 305 2433 ditatibus
325 2374 431 2433 rettuli.
473 2374 654 2453 Quamquam
674 2377 704 2432 in
721 2375 776 2434 hoc
793 2395 896 2453 genere
912 2377 1014 2438 fateor-

159 2454 324 2514 ¹feliciorem
338 2473 399 2512 esse
412 2461 449 2514 te.
492 2455 539 2513 Me
552 2475 639 2513 nemo
652 2455 708 2512 nisi
722 2455 830 2513 amicus
843 2457 914 2514 fecit
928 2456 1007 2515 here·

166 2534 241 2607 dem,
253 2541 287 2593 nt
303 2553 369 2592 cum
385 2534 442 2592 illo·
452 2532 614 2606 commodo,
627 2535 650 2592 si
667 2536 746 2612 quod
762 2542 830 2607 erat,
842 2536 931 2594 animi
946 2535 1007 2613 qui·

166 2613 233 2672 dam
254 2613 337 2672 dolor
356 2615 538 2691 iungeretur:
559 2621 589 2674 te
609 2615 642 2686 is,
654 2635 740 2692 quem
761 2621 794 2673 tu
810 2616 909 2674 vidisti
925 2635 1006 2673 num-

166 2713 269 2772 quam,
283 2693 314 2752 L.
330 2694 456 2758 Rubrius
479 2693 597 2752 Casinas
620 2695 691 2753 fecit
714 2694 856 2754 heredem.
902 2700 948 2754 41.
967 2695 1006 2753 Et
1029 2729 1036 2744 ·

166 2775 284 2851 quidem
300 2774 366 2832 vide
383 2793 469 2852 quem
483 2781 513 2832 te
529 2769 639 2832 amarit
648 2775 680 2845 is,
692 2775 742 2852 qui
757 2775 838 2832 albus
851 2781 948 2833 aterne
961 2775 1006 2832 fu·

166 2853 221 2912 erit
236 2853 367 2932 ignoras:
389 2853 486 2912 fratris
502 2852 593 2912 filium
607 2854 761 2930 praeteriit,
770 2853 804 2923 Q
813 2853 894 2926 Fufii,
904 2853 1025 2928 hones,

165 2934 270 2995 tissimi
279 2934 383 3011 equitis
391 2933 514 2990 Romani
524 2934 623 3012 suique
634 2934 806 3005 amicissimi,
816 2953 900 3010 quem
910 2932 1005 3011 palam
1040 2955 1042 2962 ·

165 3013 299 3078 heredem
309 3033 421 3091 semper
428 3013 580 3084 factiterat,
588 3019 626 3083 te,
635 3031 720 3090 quem
730 3033 888 3091 numquam
897 3014 1007 3071 viderat

164 3102 216 3154 aut
229 3101 305 3152 certe
319 3111 476 3170 numquam
491 3092 670 3164 salutaverat,
685 3093 756 3150 fecit
770 3092 913 3151 heredem.
949 3093 1007 3152 Ve-

163 3174 216 3234 lim
233 3169 306 3236 mihi
323 3173 409 3246 dicas,
421 3172 651 3232 nisimolestum
671 3179 723 3244 est,
738 3171 770 3232 L.
782 3171 928 3233 Turselius
949 3189 1006 3250 qua
