2262 3412
225 439 227 444 ,
314 374 361 442 Μ.
381 307 559 440 TULLIl
588 371 871 478 CICERONIS

391 496 467 611 ιιι
494 532 596 610 nucu
623 530 793 608 ιιιιιιιιι

567 671 621 709 siv}

184 767 237 844 DE
264 766 426 846 IMPERIO
455 767 518 845 CN.
543 765 705 844 POlllllll
731 765 788 841 AD
816 765 999 858 Quirinus

512 890 669 969 ORATIO.

427 1146 751 1198 ARGUMENTUM.

204 1251 269 1302 Cum
284 1251 314 1301 L
326 1251 444 1300 Lucullus
446 1251 505 1314 ,qui
521 1225 614 1299 bellum
630 1249 748 1299 adversus
764 1249 938 1301 Mithridatem
954 1252 1011 1304 Ma-

170 1331 248 1378 gnum
264 1317 340 1367 Ponti
359 1332 444 1378 regem
463 1326 559 1379 septem
578 1330 657 1365 annos
677 1315 785 1379 primum
806 1311 937 1378 consulari,
952 1319 1011 1368 dein

170 1383 363 1446 proconsulari'
356 1397 407 1445 imp
408 1382 460 1431 erio
479 1381 703 1441 administraverat,
718 1397 740 1430 a
752 1397 777 1431 u.
787 1396 809 1431 o.
823 1383 871 1432 687
887 1397 904 1430 ι
922 1393 1010 1433 senatu

169 1457 299 1498 revocatus
312 1457 377 1498 esset
390 1448 465 1511 eique
475 1446 520 1496 Μ’.
530 1447 628 1496 Acilius
640 1446 743 1497 Glabrio
757 1446 832 1496 homo
846 1447 923 1496 tantis
936 1449 1010 1499 rebus

169 1513 252 1575 impar
269 1513 434 1574 successisset,
448 1513 586 1576 insequenti
605 1527 672 1561 auno
689 1513 726 1562 M.
738 1512 847 1561 Aemilio
863 1512 959 1576 Lepido
975 1515 1006 1564 Ia

169 1578 286 1628 Volcatio
299 1578 374 1627 Tullo
388 1593 449 1627 coss.
462 1593 484 1627 a.
497 1594 521 1627 ιι.
533 1593 555 1628 c.
567 1579 616 1626 688
630 1578 659 1628 C.
671 1576 791 1626 Manilius
804 1578 918 1627 tribunus
931 1578 1010 1642 plebia

169 1643 251 1705 legem
261 1643 294 1692 ad
305 1643 423 1707 populum
434 1643 498 1704 tulit,
507 1644 544 1691 uti
555 1643 608 1692 eius
617 1643 673 1692 belli
682 1641 865 1692 administratio
876 1644 922 1693 Cn.
933 1644 1011 1693 Pom-

168 1711 234 1773 peio,
246 1709 288 1772 qui
300 1717 353 1757 tum
365 1709 457 1758 bellum
471 1708 625 1757 maritimum
640 1717 726 1758 contra
737 1707 839 1758 Ciliciae
850 1708 943 1772 piratas
955 1709 1011 1770 lega

170 1775 279 1826 Gabinia
288 1789 354 1823 anno
365 1774 490 1837 superiore
498 1773 675 1825 demandatum
684 1774 833 1851 confecerat,
841 1774 1010 1823 committere

169 1853 218 1890 tur.
255 1840 312 1902 Qua
324 1839 379 1906 lege
392 1855 450 1892 cum
463 1854 513 1887 non
527 1839 607 1888 solum
621 1840 684 1888 Asia
694 1840 828 1902 provincia,
840 1855 880 1888 cur
872 1839 1010 1892 Lucullus

168 1905 318 1969 praefuerat,
329 1913 355 1954 et
368 1919 442 1954 omne
458 1905 512 1953 eius
529 1904 661 1967 imperium
674 1905 720 1952 Cn
732 1905 852 1968 Pompeio
869 1900 1009 1954 committe-

169 1980 345 2031 retonsarum
366 1970 442 2020 etiam
459 1969 588 2046 Bithynia,
603 1970 642 2018 cui
663 1970 766 2020 Glabrio
786 1979 907 2033 praeerat
922 1970 1009 2019 classis

168 2038 231 2085 item
244 2045 269 2085 et
280 2050 366 2085 omnes
377 2036 463 2099 copiae
475 2035 616 2084 maritimae
617 2050 704 2113 ,quas
708 2035 813 2098 piratico
824 2035 909 2085 bello
902 2051 953 2084 ram
965 2037 1010 2084 ob-

168 2101 285 2162 tinuerat,
299 2101 442 2164 multaeque
454 2110 583 2164 praeterea
595 2100 744 2164 provinciae,
758 2111 822 2164 quae
835 2101 889 2162 lege
901 2101 1009 2151 Gabinia

168 2167 292 2231 Pompeio
306 2166 380 2216 datae
396 2182 446 2216 non
459 2166 610 2227 riderentur,
622 2165 741 2243 Phrygia,
750 2167 885 2231 Lycaonia,
895 2166 1006 2230 Galatia,

169 2232 335 2296 Cappadocia,
344 2232 441 2292 Cilicia,
450 2231 551 2282 Colchis
552 2232 729 2292 ,Armenia
708 2247 760 2281 erus
774 2233 890 2308 potestati
907 2234 1009 2309 permit·

168 2307 281 2347 tenentur
282 2297 437 2360 ,optimates,
446 2297 520 2346 nimis
531 2297 616 2358 augeri
628 2312 687 2360 opes
698 2305 723 2346 et
731 2298 868 2360 potentiam
877 2298 948 2346 unius
958 2299 1004 2349 Cn.

168 2363 284 2426 Pompeii
297 2364 354 2424 rati,
362 2378 418 2412 eam
432 2363 513 2423 legem
526 2363 703 2425 oppugnabant
715 2377 849 2426 eorumque
862 2363 962 2412 nomine
973 2362 1012 2425 (ι’

168 2427 274 2478 Catulus
286 2437 311 2477 et
319 2428 351 2489 Q.
360 2428 507 2486 Hortensius
519 2428 671 2490 rogationem
684 2427 712 2477 C.
721 2428 818 2476 Manilii
829 2427 1004 2479 dissuaserunt.

168 2493 331 2544 Adiuvabant
343 2501 428 2542 tamen
444 2493 517 2542 multi
532 2493 562 2543 C.
572 2492 705 2544 Manilium
721 2493 871 2543 auctoritate
884 2493 961 2543 etiam
975 2494 1004 2544 C.

168 2559 283 2610 Caesaris
299 2559 426 2622 suasitque
438 2557 476 2607 M.
485 2558 582 2620 Cicero,
592 2558 635 2620 qui
649 2572 679 2606 eo
692 2573 758 2607 anno
773 2568 873 2622 praetor
889 2568 949 2618 erat,
960 2559 1008 2608 hac

167 2625 223 2686 ipsa
239 2623 359 2683 oratione,
371 2639 421 2687 qua
437 2623 545 2686 primum
562 2623 628 2686 apud
644 2623 762 2686 populum
780 2623 867 2684 oravit,
879 2623 959 2684 legem
976 2623 1008 2673 de

168 2689 273 2804 {rgpeurfifo
281 2689 327 2766 Cn.
334 2689 447 2803 Pomlpeuij
456 2689 611 2803 pr‘torogando
618 2697 694 2753 atque
700 2689 856 2752 adaugendo,
863 2704 926 2753 quae
934 2703 1008 2738 cunc-

213 2771 224 2802 s
262 2769 337 2816 tagus
348 2769 391 2818 per
454 2769 499 2805 es.

209 2889 231 2948 J.
276 2894 301 2948 1.
320 2888 500 2967 Quamquam
514 2888 587 2946 mihi
601 2908 713 2968 semper
725 2889 860 2967 frequens
875 2908 1008 2968 conspec-

168 2977 215 3028 tus
233 2976 325 3028 vester
339 2969 432 3027 multo
449 2969 678 3040 iucundissimus,
693 2969 740 3026 hic
759 2976 854 3027 autem
871 2969 950 3026 locu's
970 2969 1027 3035 ada

168 3050 312 3144 agendum
326 3049 526 3129 amplissimus,
536 3049 574 3107 ad
587 3049 740 3126 dicendum
754 3048 950 3106 amatissimus
963 3055 1007 3106 est
1020 3039 1071 3127 ''xi-“¹

168 3131 253 3203 visus,
266 3129 400 3202 Quirites,
415 3136 512 3188 tamen
532 3129 588 3186 hoc
609 3127 689 3186 aditu
709 3127 809 3199 laudis,
825 3127 875 3204 qui
895 3145 1007 3205 semper
1017 3132 1061 3216 ‘1¹'
1088 3161 1100 3186 ,-

168 3211 281 3286 optimo
295 3210 398 3289 cuique
410 3210 535 3268 maxime
548 3208 651 3286 patuit,
663 3227 722 3266 ιιοιι
735 3226 800 3281 mea
812 3225 859 3264 me
875 3205 1059 3265 voluntas

305 3309 319 3362 1
