2240 3418
130 93 181 144 acl
208 93 249 144 IN
265 93 302 144 Μ.
316 91 509 146 ANTONIUM
526 91 659 144 ORATIO
676 91 887 143 PHILIPPICA
902 93 940 144 II.

130 202 182 254 tun
192 195 278 272 iuga!
296 213 368 272 qnae
378 192 505 251 fonnidc
513 192 657 271 praeclaro
665 192 715 251 illo
724 193 787 251 die!
805 201 877 271 quae
887 203 972 273 prop?

131 282 176 332 ter
191 274 395 332 conscientiam
412 272 549 330 scelerum
565 273 726 350 desperatio
740 272 832 332 vitae!
853 293 919 331 cum
936 294 971 332 ex

131 354 180 411 illa
196 354 267 431 luga
286 351 424 410 beneficio
445 371 552 424 eorum,
565 352 614 430 qui
631 359 669 422 te,
681 353 705 410 si
724 372 809 410 sanus
825 372 908 426 esses,
920 353 971 410 sal-

131 453 200 490 vum
217 427 277 490 esse
291 431 449 502 voluerunt,
462 431 535 489 clam
548 439 578 489 te
594 431 715 490 domum
731 432 880 510 recepisti!
923 439 969 492 89.

131 511 158 571 Ο
175 531 240 570 mea
258 511 365 569 frustra
385 529 498 588 semper
514 511 660 568 verissima
679 511 799 588 auguria
816 531 910 569 rernm
928 512 972 570 lu-

120 591 276 672 ituramml
316 589 456 648 Dicebam
476 589 533 647 illis
554 590 585 647 in
606 590 751 668 Capitolio
772 590 972 649 liberatoribus

131 671 320 742 matriacum
333 690 381 728 me
394 669 431 728 ad
444 675 473 727 tc
487 670 528 728 Ire
538 669 651 742 vellent,
663 677 696 728 ut
709 669 747 728 ad
760 670 971 728 defendendam
1043 707 1045 712 ,

131 768 191 809 rem
207 750 353 828 publicam
369 756 399 807 te
415 748 588 822 adhortarer,
601 749 697 828 quoad
712 756 861 821 metueres,
874 751 973 808 omnia

130 837 160 888 te
180 821 404 907 promissurum:
429 829 513 886 simul
533 848 566 887 ac
586 830 688 887 timere
705 828 833 899 desisses,
848 829 971 887 similem

130 917 160 967 te
176 911 313 967 futurum·
324 909 376 967 tui
417 907 519 986 Itaque
535 927 601 966 cum
618 909 706 968 ceteri
722 908 883 967 consulares
896 909 971 967 irent

130 989 264 1060 redirent,
274 989 304 1045 in
319 989 461 1046 sententia
473 988 582 1047 mansi:
604 1006 696 1066 neque
710 995 739 1046 te
753 987 803 1046 illo
817 987 864 1048 die
878 1007 971 1065 neque

130 1075 246 1146 postero
260 1067 320 1126 vidi
336 1086 429 1146 neque
442 1067 529 1126 ullam
544 1068 711 1126 societatem
727 1067 846 1145 optimis
860 1067 972 1126 civibus

130 1159 197 1206 curn
217 1147 463 1226 importunissimo
485 1147 569 1205 hoste
590 1147 707 1206 foedere
729 1147 789 1205 ullo
809 1145 971 1208 confirmari

130 1247 214 1306 posse
227 1227 344 1286 credidi.
377 1226 450 1285 Post
459 1226 537 1284 diem
550 1226 668 1284 tertium
678 1227 743 1284 veni
755 1227 786 1284 in
800 1226 898 1285 aedem
908 1226 972 1285 Tel·

130 1307 199 1364 luris
220 1314 249 1366 et
271 1307 388 1385 quidem
410 1306 525 1377 invitus,
540 1324 607 1364 cum
629 1325 730 1364 omnes
753 1305 848 1364 aditus
868 1307 971 1364 armati

130 1387 302 1446 obsiderent.
338 1391 385 1444 90.
397 1384 455 1454 Qui
468 1385 523 1442 tibi
537 1385 599 1443 dies
612 1384 669 1457 ille,
680 1379 746 1463 [M]
761 1385 882 1457 Antoni,
894 1386 971 1444 fuiti

130 1466 311 1544 Quamquam
321 1465 393 1524 mihi
407 1465 542 1523 inimicus
555 1464 652 1523 subito
662 1465 806 1536 exstitisti,
816 1471 913 1523 tamen
923 1484 971 1524 me
1078 1521 1081 1526 .

129 1547 174 1604 tui
196 1547 320 1617 miseret,
332 1544 411 1623 quod
432 1544 487 1604 tibi
511 1544 654 1603 invideris
696 1543 841 1603 XXXVI.
860 1543 917 1613 Qui
936 1551 971 1602 tu

129 1627 181 1698 vir,
193 1626 224 1683 di
240 1625 432 1684 immortales!
453 1632 483 1682 et
504 1631 627 1703 quantus
647 1624 762 1694 fuisses,
775 1624 800 1681 si
820 1623 896 1682 illius
911 1624 971 1682 diei

129 1713 256 1764 mentem
271 1723 380 1763 servare
394 1705 550 1783 potuisses!
591 1703 697 1762 Pacem
710 1703 888 1776 haberemus,
898 1723 972 1782 quae

130 1791 191 1843 erat
206 1785 284 1843 faeta
297 1792 348 1862 pe'r
364 1784 503 1856 obsidem,
515 1802 636 1862 puerum
652 1784 788 1855 nobilem,
801 1783 841 1842 M.
849 1783 972 1842 Bamba-

130 1864 215 1922 lionis
230 1871 374 1942 nepotem.
416 1863 597 1941 Quamquam
612 1864 723 1921 bonum
739 1871 769 1922 te
785 1863 874 1922 timor
886 1864 972 1922 facie·

81 1999 87 2010 ‚
129 1943 258 2016 batnon
276 1944 428 2001 diuturnus
444 1944 581 2020 magister
596 1942 700 2002 officii:
721 1943 886 2021 improbum
900 1944 972 2002 feeit

130 2043 171 2097 ea,
182 2043 261 2102 quae,
272 2024 342 2082 dum
355 2024 444 2082 timor
456 2023 572 2094 abesta
587 2030 617 2081 te
630 2042 689 2080 non
704 2023 834 2094 discedit,
844 2022 970 2081 audacia

129 2103 193 2162 Etsi
206 2112 278 2174 tum,
290 2123 356 2162 oum
370 2103 514 2181 optimum
527 2102 711 2180 teputabant
724 2122 771 2160 me
785 2103 902 2180 quidem
916 2102 973 2160 dis·

130 2184 279 2255 sentiente,
290 2183 386 2241 funeri
404 2182 565 2260 tyrannisi
581 2181 654 2240 illud
669 2182 759 2240 funus
778 2182 844 2254 fuit,
857 2182 973 2240 scelera-

129 2264 240 2322 tissime
253 2261 411 2341 praefuisti.
454 2261 517 2319 Tua
532 2261 582 2318 illa
594 2261 693 2339 pulcra
705 2260 841 2332 laudatio,
853 2268 904 2319 tua
919 2263 973 2319 mi-

130 2343 242 2413 seratio,
250 2341 305 2400 ¹tua
314 2340 492 2400 cohortatio:
514 2346 561 2398 91.
572 2348 615 2412 tu,
626 2348 667 2412 tu,
679 2341 806 2418 inquam,
818 2341 880 2399 illas
893 2340 973 2399 faces

130 2422 291 2491 incendisti,
303 2431 332 2479 et
345 2440 400 2492 eas,
413 2420 517 2498 quibus
530 2416 733 2478 semustulatns
746 2420 794 2478 ille
808 2427 859 2491 est,
872 2426 901 2478 et
914 2439 971 2493 eas,

130 2500 234 2578 quibus
255 2497 371 2558 incensa
393 2499 424 2557 L'.
440 2499 562 2558 Bellieni
583 2499 688 2558 domus
708 2499 883 2577 deflagravit
926 2499 973 2557 Tu

130 2581 194 2638 illos
217 2580 343 2656 impetus
366 2579 544 2656 perditorum
568 2578 771 2638 hominnmet
791 2598 826 2636 ex
847 2577 975 2636 maxima

130 2666 211 2737 parte
225 2677 379 2729 servorum,
390 2677 463 2736 quos
476 2677 530 2716 nos
542 2658 571 2716 vi
585 2677 729 2736 manuque
742 2657 929 2736 reppulimus,
941 2659 983 2732 in*

130 2745 242 2795 nostras
252 2737 354 2794 domos
365 2738 519 2796 immisisti.
554 2737 635 2796 Idem
646 2745 743 2795 tamen
755 2738 835 2815 quasi
849 2737 975 2814 fuligine

130 2816 256 2873 abstersa
265 2816 381 2892 reliquis
392 2815 493 2873 diebus
503 2817 534 2873 in
544 2815 689 2893 Capitolio
700 2816 844 2893 praeclara
857 2824 976 2875 senatus

131 2894 261 2951 consulta
274 2894 377 2965 fecisti,
389 2913 426 2951 ne
443 2913 499 2970 que
511 2901 579 2972 post
593 2895 662 2952 Idus
676 2895 793 2952 Martias
807 2896 976 2953 immunita-

130 2973 169 3028 tis
182 2971 280 3029 tabula
292 2992 363 3030 neve
377 2973 458 3030 cuius
470 2967 581 3050 [quam]
592 2973 724 3030 beneficii
734 2973 877 3051 figeretur.
913 2974 977 3032 Me-

130 3051 241 3108 ministi
260 3051 322 3127 ipse
343 3050 378 3108 de
399 3051 550 3122 exsulibus,
566 3052 621 3109 scis
643 3053 679 3109 de
699 3053 882 3110 immunitate
901 3051 977 3131 quid

132 3129 245 3187 dixeris.
287 3129 440 3206 Optimum
458 3149 532 3202 vero,
543 3131 621 3207 qnod
637 3131 795 3190 dictaturae
815 3152 922 3191 nomen
942 3134 977 3192 in
