2240 3418
125 125 173 174 216
274 123 344 175 PRO
361 118 457 174 REGE
474 114 661 176 DEIOTARO
677 115 820 176 ORATIO.

125 233 202 284 ratus
215 217 353 303 umquam
367 245 384 283 a
396 231 426 283 te
440 232 527 283 estet
542 244 602 283 non
616 245 773 304 numquam
788 214 968 305 obstupefacss

124 307 163 364 tis
172 305 359 364 hominibus
352 325 415 383 1psa
427 305 616 364 admiratione
628 325 806 384 compressus
817 314 860 365 est
871 315 900 364 et
910 309 968 370 for-

124 392 199 444 tasse
215 405 250 443 eo
266 385 490 463 praetermissus,
502 385 570 463 quia
585 385 658 443 nihil
672 385 788 464 vulgare
802 393 832 445 te
846 387 968 486 dignum

40 513 41 517 ,
125 466 280 542 videripot
250 472 332 523 mest.

165 544 249 602 XIII.
286 550 332 602 35.
351 543 433 602 Nihil
455 564 472 603 a
493 563 540 603 mc
564 545 688 604 arbitror
707 547 901 623 praeteritum,
917 547 969 605 sed
1036 583 1040 588 ·

125 623 234 702 aliquid
248 625 286 682 ad
300 631 459 683 extremum
477 643 577 703 causae
593 633 776 683 reservatum.
818 626 854 684 Id
870 633 968 684 summ

125 705 234 782 aliquid
255 711 306 776 est,
321 710 351 761 te
371 711 405 762 ut
425 704 509 797 plane
530 705 669 763 Deiotaro
689 705 856 764 reconciliet
876 707 969 764 oratio

125 803 197 843 mea
240 748 307 843 Nori
326 784 404 842 enim
425 784 483 842 iam
503 792 603 843 metuo
619 791 705 842 netu
725 785 767 842 illi
788 805 968 844 suscenseas·

125 864 198 923 illud
213 882 312 922 vereor
332 882 369 920 ne
389 863 444 922 tibi
464 864 546 922 illum
567 883 729 923 suscensere
749 865 859 942 aliquid
879 867 970 943 suspi-

126 963 207 1002 cere:
239 943 317 1036 quod
344 943 425 1005 abest
448 943 623 1022 longissime,
644 944 716 1002 mibi
744 945 835 1017 crede,
856 944 967 1022 Caesar.

126 1023 204 1093 Quid
223 1024 300 1082 enim
320 1024 442 1083 retineat
460 1043 512 1102 per
531 1031 561 1082 te
581 1025 722 1095 meminit,
737 1043 796 1081 non
814 1025 884 1102 quid
900 1026 970 1082 ami-

127 1104 203 1175 serit,
218 1123 311 1181 neque
334 1123 364 1161 se
388 1123 405 1161 a
425 1112 455 1162 te
476 1103 631 1162 multatum
651 1104 812 1173 arbitratur,
828 1105 887 1176 sed,
902 1124 969 1163 cum

127 1184 303 1242 existimares
317 1184 417 1242 multis
429 1183 484 1242 tibi
497 1184 589 1242 multe
603 1203 663 1242 esse
677 1184 837 1256 tribuenda,
846 1203 903 1262 quo
917 1185 970 1243 mi·

127 1283 181 1322 nus
198 1284 215 1322 a
231 1283 261 1322 se
261 1264 332 1342 ‚qui
348 1265 378 1321 in
395 1265 484 1323 altera
499 1271 581 1340 parte
596 1265 706 1334 fuisset,
719 1282 753 1322 ea
768 1283 894 1322 sumeres
910 1284 982 1342 non¹

127 1345 276 1402 recusavit.
313 1350 359 1402 36.
372 1344 487 1403 Etenim
503 1364 526 1402 s1
518 1343 707 1416 'Antiochus
718 1344 841 1422 Magnus
854 1344 910 1416 ille,
919 1364 971 1402 rex

127 1419 223 1496 Asiae,
236 1443 300 1483 cum
303 1417 424 1502 ,postea
440 1443 526 1518 quam
545 1443 563 1482 a
578 1423 609 1482 L
620 1422 755 1502 Scipione
771 1431 815 1482 est
831 1424 969 1498 devictus,

83 1563 85 1568 ,
127 1503 223 1562 Tauro
243 1510 328 1562 tenus
351 1523 469 1582 regnare
489 1505 582 1562 iussus
606 1510 680 1562 esset
701 1523 874 1597 omnemque
895 1504 971 1562 bane

22 1620 24 1624 -
128 1583 229 1642 Asiam
231 1603 323 1662 ,quae
340 1591 383 1642 est
397 1603 474 1643 nuuc
489 1591 587 1642 nostra
600 1584 755 1661 provincia,
767 1584 916 1656 amisisset,
928 1584 972 1641 di-

128 1683 191 1722 cere
208 1671 252 1722 est
268 1665 370 1722 solitus
385 1664 509 1760 benigue
526 1664 581 1722 sibi
600 1683 617 1721 a
632 1663 741 1741 populo
757 1663 890 1722 Romano
909 1683 971 1722 esse

128 1745 248 1816 factum,
269 1743 348 1838 quoti
371 1745 467 1802 nimis
481 1763 587 1822 magna
609 1744 810 1821 procuratione
833 1743 971 1802 liberatus

128 1825 251 1883 modicis
265 1824 346 1901 regni
357 1824 487 1882 tenniuis
501 1831 635 1895 uteretur,
647 1830 744 1900 potest
753 1823 847 1882 multo
856 1823 971 1882 facilins

129 1923 159 1964 se
179 1905 335 1963 Deiotarus
358 1903 506 1962 consolari
549 1903 601 1961 Ille
623 1903 700 1961 enim
722 1903 828 1962 firroris
848 1903 971 1962 multam

129 1985 289 2058 sustulerat,
301 1984 349 2043 hic
366 1985 475 2043 erroris.
518 1982 625 2042 Omnia
644 1989 677 2040 tu
697 1983 844 2055 Deiotam,
857 1982 969 2056 Caesar,

129 2065 264 2136 tribuisti,
277 2085 342 2125 cum
360 2065 413 2123 et
404 2065 463 2158 ιριί
482 2070 512 2122 et
528 2063 588 2121 filio
606 2081 713 2120 nornen
723 2063 840 2140 ι6”ριίιιιι
857 2082 972 2121 conces-

129 2146 199 2205 sisti.
242 2146 308 2204 Hoc
332 2145 449 2203 nomine
473 2150 585 2209 retento
609 2149 695 2220 atque
722 2150 842 2215 servato,
859 2143 971 2202 nullum

129 2224 300 2285 beneficium
320 2225 423 2319 popuii
443 2223 577 2296 Romani,
590 2222 701 2281 nullum
723 2187 862 2280 iudiciuin
883 2223 919 2281 de
939 2242 971 2281 se

130 2315 245 2365 senatus
260 2306 447 2364 imminutum
461 2311 553 2382 putat.
595 2302 710 2396 Magno
716 2303 813 2360 animo
830 2309 859 2361 et
875 2311 971 2361 erecto
996 2298 1001 2308 '

131 2392 182 2457 est,
200 2403 274 2444 nec
271 2405 414 2464 umquam
439 2382 638 2462 succumbet
630 2382 762 2454 mimicis,
780 2400 817 2440 ne
837 2382 971 2440 fomunae

131 2430 256 2543 quidem.
298 2466 345 2524 37.
361 2465 454 2523 Multa
471 2485 501 2522 se
522 2463 675 2522 arbitratur
692 2469 722 2520 et
740 2463 884 2540 peperisse
903 2469 971 2520 ante

130 2545 215 2603 factis
236 2552 266 2604 et
282 2545 413 2604 habere
405 2565 436 2603 ιιι
456 2545 554 2604 animo
572 2549 659 2622 atque
675 2542 790 2614 virtute,
802 2561 874 2620 quae
890 2542 971 2600 nullo

131 2625 219 2683 modo
235 2626 328 2702 possit
344 2626 482 2684 amittere
524 2623 604 2694 Quae
620 2623 696 2683 enim
711 2624 830 2681 fortuna
843 2629 893 2680 aut
907 2622 971 2700 quis

131 2723 212 2762 casus
229 2713 279 2764 aut
295 2724 367 2783 quae
383 2712 465 2763 tanta
481 2705 593 2783 possit'
585 2704 690 2762 iniuria
707 2703 837 2761 omnium
851 2703 972 2780 impera-

131 2791 228 2843 torum
253 2785 288 2843 de
312 2785 451 2842 Deiotaro
475 2785 589 2843 decreta
612 2784 724 2842 (1616ι66
764 2783 813 2841 Ab
838 2782 972 2840 omnibus

133 2865 209 2922 enim
224 2865 315 2922 estiis
329 2871 445 2922 ornatus
446 2865 524 2943 ‚qui,
536 2871 637 2942 postea
650 2883 736 2942 quam
754 2864 783 2921 in
798 2863 897 2920 castris
911 2881 972 2920 esse

132 2945 229 3036 potuit
242 2963 293 3021 per
306 2948 479 3016 aetatem,1n
494 2945 571 3016 Asia,
584 2944 774 3022 Cappadocia,
787 2944 892 3013 Ponte,
904 2941 973 2999 Oili-

133 3023 184 3095 cia,
200 3023 284 3101 Syria
302 3022 377 3080 bella
396 3032 560 3100 gesserunt:
586 3031 703 3082 senatus
722 3042 789 3081 vero
809 2987 916 3080 iudicia
935 3021 973 3081 de

38 3163 41 3170 ,
132 3102 182 3160 1116
198 3109 258 3160 tam
279 3103 370 3159 multa
385 3107 501 3180 tamque
517 3103 682 3175 honorifica,
695 3123 767 3181 quae
783 3103 907 3196 publicis
922 3119 974 3180 po-

133 3181 194 3257 puli
204 3181 327 3240 Romani
341 3181 443 3240 litteris
457 3183 707 3260 monumentisque
718 3183 886 3261 consignata
896 3189 991 3258 sunt,-
