2262 3418
454 137 788 202 cAP.1.‚11.,§1.a.·
868 141 875 147 ·
976 142 1023 190 rae

178 240 265 292 tentiis
280 239 329 289 v1.
346 245 372 288 et
387 239 462 288 xla:
485 238 650 289 absolutorias
669 239 778 302 quinque
800 238 903 287 omnino
925 237 1019 301 habuit,

152 309 158 319 ‘
180 308 244 355 duas
257 313 407 364 senatorum,
420 313 470 352 tres
483 304 602 366 equitum.
640 304 715 353 Multi
728 312 857 366 praetcrea
869 313 895 352 et
906 318 1022 366 praesen·

178 380 217 420 tes
233 379 266 430 ot,
279 385 337 418 cum
353 369 424 418 citati
439 384 488 417 non
505 369 696 431 respondissent,
708 369 821 418 damnati
838 377 904 431 suut,
916 385 950 418 ex
967 369 1021 433 qui-

178 437 224 486 bus
236 436 348 486 maxima
358 450 415 497 pars
427 434 475 483 fuit
487 433 674 484 Clodianorum.

186 543 190 550 ’
218 555 241 614 Ι.
272 560 305 613 Ι1.
321 554 385 612 Etsi
401 573 506 626 vereor,
516 553 633 626 iudices,
646 573 682 612 ne
699 555 838 632 turpesit
854 575 907 632 pro
924 555 1020 614 fortis-

179 636 252 695 simo
266 635 328 692 viro
345 634 438 691 dicere
454 633 640 711 incipientem
657 635 759 692 timere
775 635 951 713 minimeque
972 636 1039 698 de·.

178 722 248 788 caat,
261 734 327 772 cum
343 713 376 772 T.
387 712 501 770 Annius
516 713 579 790 ipse
599 714 692 791 magis
712 714 748 772 de
769 715 810 772 rei
830 714 961 793 publicae
978 736 1019 772 sa-

177 796 238 853 lute
249 813 335 872 quam
350 794 385 851 de
400 813 451 850 sua
463 793 653 870 perturbetur,
663 813 710 852 ma
724 794 832 853 adeius
846 814 959 852 causam
970 815 1018 872 pa-

177 894 238 932 rem
256 873 344 931 animi
361 873 591 950 magnitudinem
612 869 724 933 adferre
741 894 800 932 non
816 894 908 952 posse,
921 881 1017 932 tamen

177 954 248 1011 haec
264 953 332 1010 novi
348 952 448 1010 iudicii
462 967 539 1010 'nova
554 953 650 1011 forma
665 961 752 1012 terret
769 954 875 1026 oculos,
886 955 935 1033 qni
949 973 1019 1032 quo·

178 1053 301 1111 cumque
315 1032 485 1104 inciderunt,
495 1035 732 1092 consuetudinem
748 1035 806 1091 fori
821 1041 850 1092 et
863 1035 1016 1113 pristinum

178 1132 288 1171 morem
298 1113 471 1170 iudiciorum
481 1113 637 1191 requirunt.
670 1113 699 1171 N
700 1133 738 1171 on
749 1115 826 1172 enim
837 1134 1017 1173 coronacon·

179 1201 271 1252 sessus
285 1193 501 1252 vestercinctus
516 1200 566 1266 εει,
577 1201 610 1253 ιιι
624 1193 749 1252 solebat:
770 1213 830 1252 non
844 1195 950 1252 usitata
962 1194 1017 1251 fre

179 1273 297 1351 quentia
320 1273 418 1350 stipati
443 1292 557 1332 sumus:
587 1281 613 1332 2.
632 1294 691 1332 non
711 1273 761 1331 illa
780 1273 928 1350 praesidis,
945 1292 1017 1351 quae

178 1372 232 1430 pro
248 1352 364 1430 templis
380 1353 514 1411 omnibus
530 1354 653 1426 cernitis,
666 1354 720 1412 etsi
736 1360 836 1411 contra
852 1353 911 1410 vim
931 1353 1017 1411 collo-

178 1439 243 1490 cata
259 1439 334 1503 sunt,
346 1451 405 1490 non
422 1433 557 1492 adierunt
573 1441 669 1492 tamen
687 1433 794 1491 oratori
807 1433 924 1511 aliquid,
937 1438 969 1490 ut
985 1433 1016 1490 in

178 1513 244 1570 foro
265 1512 343 1570 etin
363 1513 479 1585 iudicio,
492 1533 665 1591 quamquam
681 1513 831 1592 praesidiis
848 1512 1017 1594 salutaribus

178 1598 213 1650 et
222 1592 385 1658 necessariis
399 1594 490 1671 saepti
504 1613 609 1666 sumus,
619 1600 716 1652 tamen
729 1612 766 1651 ne
774 1599 835 1650 ¹non
846 1593 946 1651 timere
957 1592 1017 1670 qui-

179 1672 246 1730 dem
261 1672 321 1730 sine
336 1673 432 1750 aliquo
445 1674 549 1731 timore
562 1674 712 1751 possimus.
749 1672 828 1742 Quae
842 1673 866 1730 si
884 1666 1017 1751 opposita

178 1751 283 1829 Miloni
299 1759 438 1829 putarem,
450 1752 579 1811 cederem
595 1754 729 1831 tempori,
740 1753 857 1826 iudices,
869 1771 921 1811 nec
942 1753 1017 1811 inter

179 1839 289 1890 tantam
307 1833 366 1889 vim
387 1852 531 1891 armorum
552 1833 744 1892 existimarem
754 1852 821 1891 ¹esse
838 1833 961 1892 orationi
977 1832 1017 1893 Ιοτ

179 1931 253 1970 cum.
290 1910 348 1969 Sed
363 1932 410 1970 me
424 1920 530 1971 recreat
544 1919 573 1970 et
586 1912 743 1971 refieit.Cn.
754 1913 896 1990 Pompeii,
909 1913 1017 1991 sapien·

179 1991 284 2050 tissimi
301 1999 330 2050 et
347 1992 495 2050 iustissimi
511 1992 573 2065 viri,
582 1992 741 2064 eonsilium,
752 1993 801 2070 qui
817 1993 948 2069 profecto
964 2010 1016 2049 nec

179 2071 305 2130 iustitiae
323 2091 390 2129 suae
403 2078 517 2149 putaret
531 2091 599 2144 esse,
612 2091 697 2150 quem
713 2090 793 2129 reum
811 2071 960 2129 sententiis
976 2071 1017 2128 iu-

180 2152 277 2210 dicum
291 2151 464 2223 tradidisset,
476 2151 610 2210 eumdem
623 2151 688 2210 telis
701 2151 827 2210 militurn
841 2150 952 2222 dedere,
964 2169 1017 2208 nec

180 2227 336 2310 sapientiae
351 2232 543 2290 temeritatem
562 2231 720 2289 concitatae
739 2229 934 2288 multitudinis
955 2249 1018 2288 auc-

179 2313 296 2371 toritate
310 2310 426 2390 publica
441 2331 557 2370 armare.
594 2317 620 2369 3.
633 2310 727 2379 Quam
741 2310 779 2368 ob
793 2329 852 2368 rem
867 2308 916 2367 illa
930 2329 1015 2382 arma,

180 2392 368 2465 centuriones,
379 2391 511 2450 cohortes
527 2410 586 2448 non
600 2390 757 2468 periculum
771 2389 863 2462 nobis,
876 2389 927 2448 sed
939 2409 1018 2466 prae·

181 2472 286 2531 sidium
301 2471 480 2544 denuntiant,
489 2490 583 2548 neque
597 2469 689 2528 solum
704 2477 737 2528 ut
751 2469 857 2548 quieto,
869 2469 1017 2528 sedetiam

179 2559 213 2610 ut
232 2571 340 2629 magno
361 2551 457 2610 animo
477 2551 567 2610 'simus
587 2550 746 2622 hortantur,
763 2569 856 2628 neque
880 2549 1017 2608 auxilium
1076 2552 1079 2557 '

179 2631 268 2690 modo
285 2631 446 2690 defensioni
461 2650 550 2704 meae,
559 2649 657 2689 verum
675 2631 762 2689 etiam
776 2630 920 2688 silentium
937 2630 1018 2708 polli-

180 2718 287 2770 centur.
329 2711 452 2788 Reliqua
470 2729 539 2768 vero
560 2709 725 2782 multitudo,
744 2729 816 2788 quae
838 2709 954 2788 quidem
975 2716 1018 2768 εει

180 2791 294 2863 civium,
306 2797 370 2849 tota
382 2798 480 2848 nostra
493 2796 545 2862 est,
554 2809 648 2867 neque
662 2809 760 2848 eorum
776 2790 934 2867 quisquam,
946 2808 1018 2866 quos

179 2871 307 2948 undique
327 2871 480 2942 intuentes,
491 2870 568 2927 unde
586 2869 682 2946 aliqua
698 2870 756 2927 fori
775 2889 841 2946 pars
861 2869 949 2946 aspici
968 2887 1018 2944 po

180 2957 244 3022 test,
255 2957 284 3008 ει
295 2949 380 3007 huius
394 2950 502 3007 exitum
517 2949 615 3007 iudicii
629 2955 825 3026 exspectantes
839 2948 950 3020 videtis,
958 2966 1017 3005 non

180 3049 246 3088 cum
260 3029 360 3095 virtuti
374 3028 491 3086 Milonis
506 3029 585 3086 favet
600 3035 664 3085 tum
681 3027 717 3086 da
734 3048 772 3100 sa,
785 3027 820 3085 de
836 3027 933 3084 liberis
949 3027 1015 3097 suis,

179 3109 216 3168 de
253 3109 332 3181 atria,
345 3108 380 3166 dc
397 3108 522 3166 fortunis
541 3107 682 3166 hodierno
702 3107 749 3165 die
770 3106 907 3165 decertari
923 3112 1015 3183 putat.

170 3189 217 3248 Π.
262 3207 331 3246 num
345 3199 436 3265 genus
449 3195 492 3246 est
502 3187 651 3244 adversum
666 3187 860 3264 infestumque
875 3184 958 3243 nobis
972 3202 1017 3268 ea-
