2262 3418
392 135 766 201 cnP.1u-xn.,§2sc2.
851 139 855 143 ·
897 104 900 110 ¹
955 140 1003 190 uc

162 236 283 297 domiuo
304 256 464 296 succurrere
484 237 711 316 prohiberentur,
723 238 860 297 Milonem
877 238 1001 297 occisum

162 326 192 377 et
209 337 244 376 ex
260 318 325 396 ipso
341 317 446 376 Clodio
462 318 595 376 audirent
608 325 637 377 et
650 338 680 377 re
694 337 760 376 vera
775 325 918 396 putarent,
929 319 1003 381 fece.

161 405 230 456 runt
246 395 277 456 M
294 397 367 455 servi
384 397 635 455 Milonis—dicam
652 398 729 456 enirn
745 405 842 474 aperte
858 417 917 455 non
931 398 1003 457 deri·

162 477 248 536 vendi
266 477 394 535 criminis
414 495 506 549 causa,
522 477 573 535 sed
586 483 619 534 ιιι
634 477 743 534 factum
761 484 897 536 est-nec
913 478 1003 555 impe

161 565 242 616 rante
261 575 313 614 nee
334 556 442 614 sciente
461 573 516 614 nec
533 563 683 634 praesente
701 556 828 628 domino,
841 556 920 635 quod
936 577 1002 615 suos

162 637 282 715 quisque
299 656 395 694 servos
411 637 442 692 in
458 635 509 694 tali
523 655 553 693 re
569 636 663 693 facere
676 634 821 694 voluisset
863 635 917 695 XL
954 643 1000 696 30.

161 715 250 789 Haec,
262 716 347 774 sicuti
364 716 491 794 exposui,
503 715 545 773 ita
558 721 639 792 gesta
655 721 729 787 sunt,
741 715 866 774 iudices:
888 716 1002 774 insidia·

160 803 207 854 tor
221 803 370 874 superatus
384 803 435 868 est,
447 795 476 852 vi
490 795 566 853 victa
575 794 618 852 vis
631 794 676 853 vel
689 795 787 872 potius
801 814 935 873 oppressa
949 796 1003 853 vir·

160 882 223 934 tute
243 876 363 934 audacia
382 882 435 934 est.
477 873 558 933 Nihil
576 875 641 933 dico
659 875 729 952 quid
745 893 789 932 res
805 874 921 952 publica
936 894 1002 932 con·

161 961 257 1013 secuta
280 956 325 1027 sit,
341 955 413 1014 nihil
438 956 508 1033 quid
532 975 592 1027 vos,
606 954 679 1012 nihil
704 954 774 1032 quid
794 973 894 1012 omnes
914 954 1000 1013 boni:

160 1034 232 1092 nihil
247 1055 314 1093 sane
327 1036 358 1093 id
372 1036 464 1113 prosit
474 1035 584 1106 Miloni,
598 1035 648 1112 qui
661 1034 717 1092 hoc
730 1035 793 1092 fato
807 1041 892 1092 natus
905 1041 956 1105 est,
968 1042 1002 1092 ut

160 1133 197 1172 ne
207 1134 237 1173 se
248 1115 365 1192 quidem
379 1135 488 1173 servare
498 1115 626 1193 potuerit
637 1114 708 1192 quin
718 1133 776 1171 una
786 1132 846 1171 reru
857 1112 1000 1190 publicam

160 1214 267 1272 vosque
289 1201 419 1253 servaret
461 1195 493 1253 si
513 1195 544 1252 id
564 1195 626 1252 iure
646 1193 708 1252 fieri
728 1212 787 1250 non
807 1193 913 1270 potuit,
928 1193 1000 1251 nihil

159 1273 253 1332 habeo
270 1274 349 1352 quod
365 1274 527 1333 defendam.
570 1273 621 1332 Sin
638 1273 694 1331 hoc
714 1280 745 1331 et
764 1273 837 1330 ratio
858 1273 951 1330 doctis
972 1281 1001 1332 et

160 1354 312 1412 necessitas
331 1354 459 1412 barbaris
482 1361 512 1412 et
531 1373 595 1412 mos
615 1352 750 1431 gentibus
774 1359 803 1410 et
823 1352 892 1413 ieris
914 1353 1001 1411 ctiam

160 1433 251 1492 beluis
274 1439 376 1492 nature
399 1434 462 1512 ipsa
484 1433 677 1512 praescripsit,
695 1439 729 1491 ut
749 1451 865 1490 omnem
889 1433 1002 1510 semper

159 1513 227 1585 vim,
240 1531 419 1592 quacumque
440 1533 495 1592 ope
515 1521 671 1592 possenta
690 1531 817 1590 corpore,
833 1531 851 1569 a
870 1512 1002 1590 capite,a

118 1600 127 1616 ⁸
159 1593 220 1650 vita
240 1613 291 1650 sua
308 1594 515 1671 propulsarent,
527 1612 586 1651 non
606 1593 728 1670 potestis
749 1592 804 1650 hoc
820 1592 933 1650 facinus
949 1591 1015 1649 im·.

159 1672 282 1750 probum
304 1673 428 1731 iudicare
449 1673 519 1751 quin
540 1672 626 1730 simul
642 1672 775 1731 iudicetis
795 1671 938 1743 omnibus,
951 1671 1001 1749 qui

160 1753 190 1810 in
201 1752 324 1810 latrones
334 1753 495 1824 inciderint,
507 1760 557 1811 aut
567 1752 680 1811 illorum
690 1753 755 1811 telis
765 1759 816 1810 aut
825 1753 926 1810 vestris
940 1771 1002 1810 sen-

159 1832 259 1890 tentiis
279 1852 339 1890 esse
360 1833 546 1910 pereundum.
589 1838 635 1892 31.
653 1831 740 1901 Quod
760 1832 785 1889 si
801 1832 842 1891 ita
862 1838 999 1909 putasset,

160 1918 235 1970 certe
252 1911 407 1990 optabilius
424 1912 526 1970 Miloni
542 1913 600 1971 fuit
616 1913 683 1971 dure
699 1911 830 1989 iugulum
844 1911 877 1970 P.
886 1910 998 1982 Clodio,

153 2008 218 2049 non
233 1991 320 2050 semel
334 1992 370 2050 ab
384 1992 434 2049 illo
448 2011 540 2070 neque
553 1999 617 2050 turn
631 1992 757 2070 primum
768 1991 900 2069 petitum,
913 2011 999 2069 quam

64 2095 67 2101 ·
160 2071 282 2148 iugulari
303 2091 320 2129 a
337 2071 428 2144 vobis,
444 2073 512 2149 quia
529 2091 559 2130 se
575 2091 634 2130 uon
651 2071 840 2148 rugulandum
856 2071 898 2128 illi
914 2071 1000 2129 tradi-

160 2150 255 2209 disset.
298 2151 350 2209 Sin
366 2151 422 2209 hoc
442 2171 528 2210 nemo
546 2158 670 2210 vestrum
688 2152 729 2209 its
745 2151 840 2222 sentit,
852 2150 925 2208 illud
941 2151 999 2208 iam

160 2230 189 2287 in
208 2231 347 2289 iudicium
367 2233 453 2304 venit,
465 2251 524 2290 nou
546 2231 692 2289 occisusne
713 2231 758 2302 sit,
771 2231 849 2308 qnod
864 2231 998 2301 fatemur,

159 2311 210 2368 sed
223 2310 283 2368 iure
297 2329 333 2368 an
348 2311 459 2383 iniuria,
471 2311 550 2389 quod
559 2311 659 2369 multis
672 2310 702 2368 in
716 2310 808 2368 causis
822 2329 906 2388 saepe
917 2329 1000 2389 quae-

159 2390 246 2448 situm
257 2397 308 2449 est
342 2390 464 2449 Insidias
474 2391 565 2448 factas
575 2409 635 2448 csse
646 2397 766 2462 constet,
778 2396 808 2448 et
818 2390 849 2447 id
859 2396 910 2461 est,
920 2390 1000 2468 quod

159 2477 274 2528 senatus
293 2478 393 2528 eontra
412 2491 473 2529 rem
493 2469 638 2549 publicam
657 2470 765 2528 factum
788 2469 941 2528 iudicavit:
963 2470 999 2528 ab

158 2557 224 2607 utro
241 2550 334 2608 factae
351 2551 409 2609 sint
424 2551 565 2609 incertum
581 2557 633 2608 est
674 2549 721 2608 De
737 2549 792 2607 hoc
806 2549 895 2627 igitur
908 2549 998 2609 latum

158 2636 203 2686 est
222 2636 255 2688 ιιι
271 2637 459 2707 quaereretur.
501 2630 548 2688 Ita
563 2636 593 2687 et
609 2635 723 2688 senatus
743 2649 812 2701 rem,
828 2649 887 2686 uon
907 2629 1000 2688 horni-

158 2727 225 2765 nem
236 2710 348 2768 notovit
357 2715 388 2768 et
397 2709 554 2788 Pompeius
565 2709 601 2768 de
611 2709 680 2781 inre,
692 2729 751 2767 non
762 2709 798 2768 de
811 2711 891 2767 facto
902 2727 1000 2792 quaes·

157 2787 268 2846 tionem
285 2789 360 2847 tulit
402 2789 471 2848 XII.
487 2789 566 2846 Num
587 2789 658 2866 quid
673 2789 763 2867 igitur
783 2789 861 2848 aliud
877 2788 907 2846 iu
926 2789 999 2854 iudie

158 2867 236 2925 cium
250 2869 329 2926 venit
345 2868 401 2926 uisi
416 2875 480 2927 uter
492 2868 553 2927 utri
569 2868 688 2926 insidias
701 2869 820 2927 foceriti
860 2867 998 2927 Profecto

158 2947 249 3005 nihils
270 2948 295 3005 si
310 2947 358 3006 hic
374 2948 424 3021 illi,
439 2955 473 3006 ut
492 2967 529 3007 ne
548 2948 587 3006 sit
606 2948 742 3026 impune:
763 2949 788 3006 si
806 2948 855 3006 ille
874 2947 950 3020 huic,
965 2955 999 3006 ut

158 3027 263 3085 scelere
277 3027 426 3086 solvemur.

200 3111 247 3166 ³2.
262 3106 395 3176 Quonam
415 3107 505 3185 igitur
523 3113 609 3186 pacto
630 3107 745 3186 probari
767 3113 864 3185 potest
880 3104 999 3164 insidias

159 3183 262 3245 Miloni
275 3186 377 3246 fecisse
388 3187 542 3246 Clodiuml
571 3187 647 3246 Satis
658 3187 741 3246 estin
752 3187 800 3246 illa
811 3186 927 3262 quidem
937 3193 998 3244 tarn
