2240 3418
387 134 465 186 CAP.
482 135 624 197 vna-x,
641 133 655 195 ᾖ
670 137 759 188 23-29.
948 143 995 191 211

154 239 211 308 hoo
224 238 312 298 verbo
326 237 385 302 scio
399 235 508 294 laudari
522 255 618 314 regem
633 256 692 294 non
706 236 803 297 solere.
846 238 933 318 Frugi
948 241 998 300 ho

155 321 264 377 minem
285 317 342 376 diei
359 336 418 374 101
434 316 558 375 multum
575 315 662 374 habet
678 314 770 375 laudis
787 318 917 397 inrege:
939 323 997 381 for-

155 407 223 471 tem,
233 399 350 468 iustum,
360 415 496 467 severum,
506 405 631 473 gravem,
640 398 866 474 magnanimum,
876 399 995 480 largum,
1041 461 1044 466 .

155 477 323 549 beneficum,
333 476 495 535 liberalem:
517 475 570 534 hae
581 482 649 533 sunt
659 477 752 554 regiae
766 477 873 552 laudes,
883 481 932 539 illa
941 484 997 561 pri·

155 567 221 616 vata
244 565 295 616 est
338 557 383 616 Ut
406 554 483 614 volet
507 556 635 633 quisque,
655 557 795 633 accipiat:
821 579 876 638 ego
899 568 996 620 tamen

154 638 360 715 frugalitatem,
371 637 403 694 id
416 642 460 694 est
473 635 644 694 modestiam
662 642 691 693 et
704 642 932 715 temperantiam,
943 643 996 700 vir-

155 724 247 776 tutem
262 718 416 775 maximam
430 715 534 774 iudice.
570 715 651 773 Haec
665 715 695 772 in
709 716 759 774 illo
773 725 816 776 est
829 719 865 777 ab
879 721 996 780 ineunte

49 863 54 868 ¹
155 803 248 856 aetate
264 816 331 854 cum
345 816 363 854 a
375 802 479 854 cuncta
491 795 570 867 Asia,
582 814 648 853 cum
663 815 681 853 a
693 798 908 874 magistratibus
921 800 995 879 lega-

154 877 249 955 tisque
262 876 375 948 nostris,
385 882 448 934 tum
462 875 498 933 ab
512 874 658 952 equitibus
668 875 814 950 Romanis,
825 880 874 956 qui
884 880 915 937 11
926 881 996 939 Asia

154 957 295 1033 negotiati
309 964 384 1026 sunt,
396 957 547 1034 perspecta
560 963 589 1013 11
603 957 727 1033 cognita
770 959 817 1016 27.
833 959 932 1018 Multis
947 961 995 1019 ille

155 1037 272 1114 quidem
288 1036 425 1114 gradibus
445 1034 605 1094 officiorum
621 1055 689 1114 erga
706 1039 928 1116 rempublicam
946 1059 996 1098 no-

154 1124 242 1174 stram
264 1116 377 1174 adhoc
397 1115 509 1192 regium
529 1135 636 1174 nomeu
656 1117 802 1176 ascendit:
828 1119 879 1177 sed
898 1126 995 1178 tamen

155 1195 298 1274 quidquid
317 1215 335 1254 a
354 1193 436 1253 bellis
456 1196 557 1274 populi
575 1195 699 1255 Romani
718 1197 843 1269 vacabat,
859 1219 925 1257 cum
945 1201 996 1258 ho·

154 1275 281 1341 minibus
295 1275 400 1334 nostris
411 1276 639 1348 consuetudines,
649 1277 797 1350 amicitias,
806 1299 851 1337 res
861 1280 997 1338 rationes-

153 1375 211 1434 que
231 1356 426 1434 iungebatut
445 1374 503 1414 101
528 1356 621 1413 solum
641 1357 797 1416 tetrarches
817 1359 929 1432 nobilis,
945 1361 996 1419 sed

123 1463 126 1468 ·
155 1436 242 1494 etiam
257 1436 385 1514 optimus
398 1436 617 1514 paterfamilias
633 1444 662 1494 et
676 1437 913 1514 diligentissimus
923 1441 996 1517 agri·

155 1515 217 1574 cola
234 1523 263 1574 11
279 1517 428 1594 pecuarius
444 1515 602 1574 haberetur.
645 1515 702 1586 Qui
718 1517 807 1594 igitur
822 1519 994 1591 adolescens,

155 1595 286 1662 nondum
306 1603 387 1655 tanta
407 1595 498 1674 gloria
517 1596 672 1674 prae'ditus,
686 1596 758 1656 nihil
779 1617 914 1675 umquam
940 1600 996 1658 nisi

112 1739 113 1742 Ἴ
155 1676 332 1744 severissime
349 1684 378 1734 et
394 1675 560 1754 gravissime
575 1676 722 1748 feceritis
736 1696 769 1735 ea
785 1678 1001 1748 existimatione¹

156 1776 245 1835 eaque
256 1764 349 1816 aetate
360 1756 491 1814 saltavitl
527 1756 565 1815 X.
590 1763 636 1815 28.
649 1756 768 1829 Imitari,
778 1758 888 1830 Castor,
898 1759 996 1837 potius

153 1837 202 1896 avi
221 1857 315 1895 mores
337 1836 575 1915 disciplinamque
595 1836 718 1896 debebas
735 1857 820 1915 quam
838 1840 950 1916 optimo
966 1846 996 1897 et

155 1917 313 1976 clarissimo
333 1917 395 1974 viro
416 1916 534 1994 fugitivi
554 1935 603 1974 ore
627 1917 700 1974 male
721 1916 822 1977 dicere.
865 1918 950 1988 Quod
971 1919 996 1976 si

156 1997 321 2057 saltatorem
342 2015 426 2054 avum
443 1994 590 2054 habuisses
611 2015 703 2073 neque
723 2015 788 2055 eum
806 1999 907 2070 virum,
919 1999 996 2057 unde

156 2076 275 2156 pudoris
285 2065 497 2155 phdicitiaeque
511 2075 641 2154 exempla
651 2083 822 2152 peterentur,
833 2085 929 2135 tamen
940 2078 996 2136 hoc

154 2158 341 2216 maledictum
368 2157 489 2215 minime
512 2155 543 2212 in
571 2155 648 2212 illam
676 2162 799 2214 aetatem
822 2158 994 2216 conveniret.

157 2236 268 2307 Quibus
277 2237 325 2296 1111
339 2237 441 2294 studiis
455 2235 491 2294 ab
502 2235 618 2293 1111111
632 2242 724 2293 aetate
738 2254 768 2293 se
778 2235 927 2308 imbuerat,
937 2256 996 2294 non

154 2317 287 2389 ‚saltandi
298 2318 348 2375 sed
361 2316 434 2374 bene
448 2323 481 2373 11
494 2315 588 2387 armis,
599 2315 709 2393 optime
722 2322 755 2373 ut
765 2315 846 2392 equis
860 2323 995 2389 uteretur,

154 2397 191 2455 ca
206 2405 303 2456 tamen
320 2397 401 2455 illum
415 2402 519 2455 cuncta
531 2395 589 2452 iam
604 2402 703 2453 exacta
718 2402 810 2453 aetate
824 2395 994 2454 defecerant

157 2476 258 2555 Itaque
271 2477 441 2534 Deiotarum
455 2494 522 2534 cum
536 2474 632 2552 plures
645 2475 675 2531 in
687 2493 792 2552 equum
807 2475 995 2548 sustulissent,

157 2556 360 2634 quodhacrere
371 2556 401 2613 in
413 2575 447 2614 eo
461 2574 547 2613 senex
561 2560 667 2631 posset,
676 2553 810 2614 admirari
821 2555 995 2614 solebamus:

156 2635 204 2695 hic
224 2635 487 2705 veroadolescens,
504 2635 554 2712 qui
579 2654 661 2693 meus
685 2635 715 2692 in
739 2634 841 2693 Cilicia
861 2635 951 2706 miles,
966 2635 997 2692 11

154 2715 276 2774 Graecia
295 2717 455 2774 commilito
476 2715 620 2786 11111111
641 2715 672 2771 in
692 2714 742 2774 illo
759 2723 858 2773 nostro
873 2715 997 2774 exercitu

155 2796 298 2873 equitaret
311 2815 376 2854 cum
394 2796 453 2854 suis
469 2794 588 2852 delectis
604 2793 757 2872 equitibus,
770 2814 842 2872 quos
857 2814 915 2852 una
931 2814 997 2852 cum

157 2894 192 2933 1ο
202 2876 240 2933 ad
249 2875 421 2954 Pompeium
431 2881 514 2953 pater
523 2874 648 2945 miserat,
658 2893 731 2951 quos
741 2893 894 2934 concursus
904 2875 997 2935 facere

158 2954 283 3013 solebat!
308 2974 394 3033 quam
417 2975 447 3013 se
471 2955 591 3012 iactare!
617 2973 703 3031 quam
727 2955 885 3012 ostentarel
911 2973 998 3032 quam

158 3035 267 3092 nemini
284 3035 313 3092 iu
330 3035 379 3092 illa
394 3054 479 3092 causa
494 3034 592 3092 studio
609 3042 639 3091 ct
652 3033 809 3110 eupiditate
826 3034 996 3092 concedere!

159 3119 205 3172 29.
222 3114 297 3172 Cum
311 3134 377 3172 vero
392 3114 518 3172 exercitu
532 3115 637 3170 amisso
652 3132 715 3190 ego,
728 3114 778 3191 qui
791 3114 870 3190 pacis
886 3133 998 3191 semper

99 3265 104 3270 Ι
156 3201 258 3262 Ι111101
271 3194 316 3262 fui
333 3188 413 3272 [post
427 3193 623 3254 Pharsalicum
640 3191 804 3272 proelium],
816 3212 914 3252 suasor
929 3193 998 3252 fuis
