2262 3418
114 129 164 178 128
270 127 341 178 PRO
357 125 498 178 ARCHIA
513 123 632 177 POETA
648 123 791 177 ORATIO.

113 229 190 286 hunc
206 234 352 306 petentem
369 226 561 304 repudiasset:
584 245 669 304 quem
690 245 744 284 nos
764 226 794 282 in
815 223 960 284 contione

113 309 322 379 1111111111111
337 307 363 365 ei
373 306 500 364 libellum
514 306 607 364 malus
620 312 709 383 poeta
719 306 755 364 de
765 305 873 384 populo
887 306 955 363 sub-

113 387 233 458 iecisset,
251 386 330 464 quod
352 386 528 463 epigramma
548 385 579 442 in
603 405 670 443 eum
691 385 807 443 fecisset
827 391 955 442 tantum-

113 466 202 524 modo
219 466 334 524 alternis
347 464 474 523 versibus
488 464 682 542 longiusculis,
694 465 791 522 statim
808 483 843 522 ex
859 465 894 521 iis
910 484 956 522 re-

113 545 176 618 1111,
189 565 258 623 quas
277 552 341 603 tum
357 544 505 617 vendebat,
520 544 618 602 iubere
638 544 665 602 ei
685 544 845 621 praemium
863 543 961 602 tribui

115 625 167 683 sub
187 645 220 682 ea
243 624 419 695 condicione,
435 643 471 682 ne
496 623 566 702 quid
586 630 687 702 postea
710 623 852 680 scriberet.
894 623 955 692 Qui

114 704 295 764 sedulitatem
311 704 380 761 mali
399 711 503 781 poetae
520 703 633 762 duxerit
649 703 745 780 aliquo
761 710 857 760 tamen
873 721 956 780 prae·

114 785 174 842 mio
188 784 313 862 dignam,
325 783 411 840 huius
424 783 572 860 ingenium
589 789 618 841 et
631 783 767 840 virtutem
783 783 814 840 in
831 782 956 840 scriben-

114 864 152 921 do
169 870 199 921 et
215 864 327 940 copiam
345 881 403 920 non
421 862 590 940 expetissetl
632 867 678 920 26.
697 861 793 930 Quidl
814 860 955 930 auur-

114 942 183 1000 tello
197 942 260 1014 Pio,
272 941 495 1000 familiarissimo
512 961 572 1013 suo,
585 941 634 1018 qui
651 941 766 999 civitate
782 941 889 998 multos
902 941 955 998 do-

114 1022 201 1092 navit,
213 1040 305 1099 neque
315 1041 367 1098 per
377 1041 406 1079 se
419 1041 512 1099 neque
523 1041 573 1099 per
584 1020 717 1080 Lucullos
727 1021 954 1098 impetravisset?

115 1101 165 1179 qui
175 1102 341 1178 praesertim
355 1107 449 1179 usque
459 1121 494 1158 eo
507 1101 543 1159 de
558 1103 616 1158 suis
629 1101 714 1158 rebus
728 1101 813 1158 scribi
826 1107 952 1178 cuperet,

115 1188 148 1238 ut
161 1181 248 1238 etiam
262 1179 413 1239 Cordubae
429 1181 504 1238 natis
520 1181 624 1258 poetis,
635 1181 743 1258 pingue
758 1181 894 1258 quiddam
908 1199 958 1238 1ο-

114 1260 249 1318 nantibus
265 1267 351 1338 atque
366 1261 557 1338 peregrinum,
568 1267 665 1318 tamen
688 1279 768 1319 aures
788 1280 853 1317 suas
868 1259 954 1318 dede-

115 1346 166 1398 ret.
207 1340 261 1398 Xl.
277 1340 378 1419 Neque
392 1341 469 1398 enim
486 1347 529 1398 111
545 1339 601 1397 hoc
615 1339 860 1412 dissimulandum,
873 1339 954 1417 quod

116 1419 259 1478 obscurari
275 1439 334 1477 non
351 1425 454 1497 potest,
470 1419 521 1476 sed
536 1438 604 1496 prae
624 1419 707 1477 nobis
723 1419 882 1491 ferendum,
897 1426 954 1476 tra-

115 1498 212 1557 himur
227 1519 327 1556 omnes
344 1499 440 1556 studio
455 1499 549 1556 laudis
569 1505 599 1557 et
615 1499 742 1576 optimus
758 1499 878 1576 quisque
893 1518 953 1556 ma·

115 1579 191 1636 xime
207 1578 299 1656 gloria
315 1578 435 1637 ducitur.
477 1577 538 1656 Ipsi
556 1578 598 1635 illi
614 1577 779 1655 philosophi
796 1579 881 1636 etiarn
896 1579 953 1636 illis

114 1658 225 1729 libellis,
239 1677 311 1736 quos
325 1657 360 1715 de
374 1657 585 1715 contemnenda
594 1657 686 1735 gloria
699 1657 834 1730 scribunt,
845 1677 953 1716 nomen

115 1757 198 1795 suum
213 1737 388 1794 inscribunt:
409 1737 440 1793 in
456 1756 491 1794 eo
508 1737 579 1814 ipso,
592 1737 622 1794 in
639 1757 696 1814 quo
710 1737 952 1814 praedicationem

115 1816 352 1893 nobilitatemque
366 1815 536 1892 despiciunt,
547 1816 702 1894 praedicari
719 1816 755 1874 de
772 1837 801 1875 11
815 1837 847 1875 ac
861 1818 954 1878 nomi-

115 1896 177 1953 nari
193 1895 301 1952 volunt.
344 1895 390 1953 27.
406 1895 545 1954 Decimus
561 1895 677 1974 quidem
691 1895 808 1968 Brutus,
824 1916 953 1954 summus

114 1975 159 2033 vir
182 1982 211 2033 et
231 1975 394 2052 imperator,
412 1975 503 2046 Accii,
521 1976 687 2034 amicissimi
708 1977 759 2047 sui,
779 1977 954 2035 carminibus

114 2054 287 2133 templorum
301 2075 334 2112 ac
348 2061 600 2114 monumentorum
617 2055 712 2114 aditus
726 2057 873 2117 exornavit
890 2075 954 2114 suo-

114 2154 186 2192 rum.
229 2134 290 2191 Iam
305 2155 372 2192 vero
388 2135 443 2206 ille,
460 2134 509 2212 qui
525 2154 591 2192 cum
605 2134 718 2193 Aetolis
734 2135 830 2194 Ennio
846 2136 953 2195 comite

114 2212 238 2286 bellavit,
249 2214 372 2285 Fulvius,
384 2233 443 2271 non
457 2213 600 2272 dubitavit
614 2214 714 2273 Martis
727 2214 878 2274 manubias
891 2216 954 2273 Mu·

115 2295 154 2351 sis
164 2313 333 2352 consecrare.
366 2292 469 2362 Quare
480 2293 510 2350 in
522 2313 578 2371 qua
588 2293 657 2352 urbe
668 2295 852 2372 imperatores
862 2313 953 2372 prope

115 2375 216 2430 armati
232 2380 383 2451 poetarum
400 2392 507 2431 nomen
523 2379 551 2430 et
568 2372 714 2432 Musarum
728 2373 846 2432 delubra
861 2374 954 2431 colue-

114 2460 189 2524 runt,
201 2453 231 2509 in
245 2471 278 2510 ea
294 2471 353 2509 non
368 2451 473 2511 debent
486 2453 579 2530 togati
592 2453 701 2512 iudices
715 2452 889 2511 aMusarum
903 2453 953 2510 ho·

114 2551 183 2588 nore
197 2538 226 2588 et
240 2550 257 2588 a
270 2538 422 2608 poetarum
436 2533 526 2590 salute
540 2532 698 2591 abhorrere.

155 2617 201 2668 28.
217 2609 315 2688 Atque
336 2617 369 2669 ut
386 2610 418 2668 id
434 2611 569 2670 libentius
588 2612 710 2684 faciatis,
724 2612 782 2670 iam'
798 2631 847 2672 me
861 2611 951 2684 vobis,

114 2689 230 2760 iudices,
245 2690 379 2748 indicabo
396 2697 425 2750 et
445 2691 482 2749 de
498 2710 563 2750 meo
585 2692 710 2770 quodam
731 2711 827 2750 amore
845 2691 953 2770 gloriae

113 2769 200 2826 nimis
216 2769 274 2826 acri
290 2769 420 2842 fortasse,
431 2789 530 2828 verum
544 2777 641 2829 tamen
655 2771 778 2828 honesto
792 2771 874 2828 vobis
887 2790 954 2829 con·

114 2847 223 2924 fitebor.
267 2847 342 2905 Nam
361 2868 431 2927 quas
446 2869 491 2907 res
506 2869 560 2906 nos
576 2851 606 2906 in
623 2850 773 2908 consulatu
789 2857 888 2908 nostro
904 2869 954 2908 vo

114 2926 224 2983 biscum
246 2927 331 2985 simul
347 2947 400 3004 pro
422 2928 511 2986 salute
531 2928 617 2986 huius
638 2929 716 2986 urbis
737 2936 822 3006 atque
838 2930 953 3007 imperii

114 3011 144 3061 et
159 3025 212 3082 pro
226 3007 286 3064 vita
302 3007 408 3064 civium
425 3026 535 3083 proque
551 3008 682 3065 universa
695 3027 725 3064 re
739 3008 854 3084 publica
867 3009 954 3085 gessi-

114 3101 186 3156 mus,
198 3086 297 3162 attigit
307 3084 492 3146 hiaversibus
505 3091 591 3162 atque
604 3086 766 3144 inchoavit:
788 3087 893 3164 quibus
906 3107 954 3145 au·

115 3161 191 3234 ditis,
204 3163 283 3240 quod
296 3163 369 3219 mihi
382 3181 487 3238 magna
500 3182 545 3220 res
558 3170 587 3221 et
600 3164 726 3222 iucunda
739 3165 800 3223 visa
813 3167 954 3238 osthane
