2262 3412
337 175 340 184 ,
425 138 504 190 cAP.
520 139 573 190 HL
575 139 637 202 -V,
654 135 755 198 §7-12.
981 141 1015 191 77

173 243 264 322 ipsius
273 262 361 302 manu
371 241 561 320 Allobrogum
576 242 687 300 senatui
701 248 730 300 ct
742 242 861 321 populo,
871 261 931 302 7777
942 261 1015 321 quae

173 343 273 384 771771
289 323 391 400 legatis
411 321 605 380 confirmasset
620 322 765 381 facturum
786 341 863 382 esse:
885 343 964 382 orare
981 330 1014 383 77

173 405 244 462 item
258 403 299 461 illi
313 403 441 461 lacerent
455 421 527 495 quae
544 402 598 460 sibi
612 402 699 481 legati
716 421 815 460 eorum
831 399 1011 480 recepissent.

173 483 248 542 Tum
264 482 416 560 Cethegus,
427 502 476 559 qur
468 482 583 574 'paullo
597 489 663 540 7777
677 482 787 560 aliquid
800 489 896 541 tamen
907 483 943 540 de
956 483 1014 560 gla

173 563 229 621 diis
245 583 278 620 ac
295 563 368 632 sicis,
384 581 455 638 quae
472 562 573 639 apud'
565 581 661 640 1psum
678 570 758 621 erant
775 563 957 641 deprehensa,
973 583 1014 622 17-
1030 577 1059 617 t

174 643 336 720 spondisset
349 641 523 719 dixissetque
537 661 566 700 77
580 645 692 719 semper
705 642 847 700 bonorum
860 643 1014 701 ferramen-

172 729 269 780 torum
286 721 447 780 studiosum
467 721 564 794 fuisse,
579 722 705 780 recitatis
725 723 829 780 litteris
848 722 1014 781 debilitatus

172 809 261 880 atque
273 802 400 860 abiectus
414 801 589 859 conscientia
601 809 718 879 repente
732 803 879 861 conticuit.
922 802 1014 862 Intro·

173 883 277 940 ductus
293 889 336 940 est
352 881 500 940 Statilius:
521 883 657 959 cognovit
673 889 703 940 et
719 883 834 960 signnm
852 888 881 940 et
894 901 1013 940 manum

173 981 262 1020 suam.
304 961 451 1040 Recitatae
467 968 535 1019 sunt
547 960 668 1020 tabellae
683 963 714 1019 in
731 962 862 1020 eamdem
876 962 936 1020 1717
953 982 1014 1021 sen·

172 1043 307 1100 tentiam:
324 1041 531 1100 confessusest.
560 1041 636 1099 Tum
646 1042 758 1100 ostendi
766 1041 1013 1100 tabellasLentulo

173 1128 203 1180 et
225 1121 351 1199 quaesivi
372 1128 593 1200 cognosceretne
615 1122 737 1198 signum.
775 1121 897 1180 Adnuit
936 1121 1014 1179 “Est

173 1201 267 1274 vero‚”
284 1202 410 1279 inquam,
430 1201 559 1259 “notum
582 1201 698 1278 quidem
716 1202 839 1278 signum,
854 1201 951 1278 imago
968 1201 1014 1259 avi

173 1281 225 1353 771,
241 1281 389 1338 clarissimi
402 1281 456 1338 viri
469 1281 520 1358 qui
536 1281 740 1339 717711777177
754 1281 876 1358 patriam
893 1288 923 1338 77
936 1281 1013 1338 71177

174 1379 259 1418 suos:
279 1379 351 1438 quae
365 1361 481 1438 quidem
495 1367 525 1419 te
539 1381 556 1418 a
568 1367 650 1432 tanto
664 1361 767 1419 7771717
781 1361 867 1418 771717
880 1367 963 1418 17777
973 1380 1014 1418 re-

129 1464 130 1469 *
173 1459 273 1499 vocare
287 1439 414 1500 debuit”
458 1446 503 1499 11.
520 1440 668 1518 leguntur
681 1441 781 1498 eadem
795 1440 906 1498 ratione
920 1440 958 1498 ad
971 1459 1013 1498 se·

172 1528 274 1578 natum
293 1519 485 1598 Allobrogum
509 1520 706 1599 populumque
726 1501 857 1579 litterae.
888 1519 920 1578 Si
942 1520 1013 1597 quid

173 1600 271 1660 1171117
291 1601 376 1659 rebus
392 1601 486 1659 dicere
502 1601 595 1672 vellet,
610 1601 667 1659 1771
690 1607 871 1679 potestatem.
913 1600 1013 1677 Atque

172 1681 221 1740 1117
240 1681 335 1758 primo
357 1681 473 1759 quidem
494 1681 626 1758 negavit.
647 1687 716 1759 post
736 1687 831 1738 autem
856 1680 1013 1757 aliquante,

121 1785 125 1802 ¹
172 1767 236 1822 7777
247 1761 305 1818 1717
315 1760 423 1818 17111717
435 1761 565 1839 exposito
579 1767 665 1838 atque
675 1760 762 1832 edito,
774 1761 910 1817 surrexit:
930 1779 1014 1837 quae·

173 1841 241 1898 sivit
256 1860 274 1898 a
289 1839 379 1898 Gallis
395 1840 467 1918 quid
482 1841 541 1898 sibi·
554 1847 627 1898 esset
643 1859 709 1898 cum
729 1840 773 1912 iis,
790 1859 876 1917 quam
897 1839 934 1896 ob
951 1859 1013 1897 rem

173 1920 293 1978 domum
314 1939 395 1976 suam
411 1921 562 1990 venissent,
577 1921 704 1996 itemque
719 1939 738 1977 7
752 1919 913 1978 Volturcio.
956 1918 1013 1988 Qui

136 2072 138 2076 Ι
174 2018 240 2057 7717
262 1999 305 2056 1111
328 1998 453 2057 breviter
478 2005 698 2090 constanterque
721 1999 942 2076 respondissent,
962 2017 1014 2076 per

175 2095 260 2154 quem
277 2078 394 2136 adeum
411 2078 599 2160 quotiensque
615 2078 766 2149 venissent,
782 2079 1014 2156 quaesissentque

60 2203 65 2214 .
174 2157 215 2215 ab
225 2177 267 2228 eo,
279 2157 390 2215 nihilne
405 2177 501 2216 secum
515 2165 589 2216 esset
602 2158 717 2216 11717717
728 2122 877 2235 Sibyllinis
891 2157 1012 2229 locutus,

174 2244 238 2295 tum
254 2201 303 2296 ille
323 2236 419 2295 subito
436 2238 538 2296 7771717
559 2238 676 2296 11771777
698 2244 805 2314 quanta
825 2237 1014 2294 conscientiae

173 2317 217 2375 117
234 2324 307 2375 esset
324 2317 457 2376 ostendit.
499 2317 576 2376 Nam
593 2337 659 2375 cum
675 2317 707 2374 id
722 2324 820 2395 posset
836 2314 961 2388 infitiari,
973 2335 1014 2374 17-

173 2403 260 2476 pente
271 2403 383 2475 praeter
396 2397 563 2475 opinionem
577 2397 707 2454 omnium
722 2397 869 2454 confessus
882 2402 933 2454 est
968 2395 1014 2454 lta

174 2497 240 2536 eum
254 2497 313 2536 777
327 2478 437 2536 177117
430 2477 579 2556 mgenium
589 2476 661 2534 illud
672 2483 701 2534 et
714 2476 828 2534 dicendi
839 2475 1012 2547 exercitatio,

174 2576 232 2635 qua
247 2577 359 2635 semper
374 2557 472 2630 valuit,
484 2558 534 2616 7711
551 2557 637 2616 etiam
654 2563 773 2634 propter
787 2556 847 2614 vim
866 2520 1014 2613 manifesti

174 2645 204 2695 et
217 2637 387 2714 depreh'ensi
401 2603 512 2696 77717117
522 2637 710 2715 impudentia,
723 2656 779 2715 qua
793 2635 944 2714 superabat
954 2655 1014 2693 om-

134 2758 158 2779 ,.
173 2735 234 2788 777,
245 2716 472 2795 improbitasque
487 2717 602 2776 defecit.
646 2722 691 2775 12.
703 2715 873 2775 Vulturcius
885 2735 953 2774 1717
970 2735 1014 2773 su·

173 2796 237 2855 bito
254 2796 362 2854 litteras
379 2797 501 2874 proferri
517 2804 603 2874 atque
620 2797 723 2875 aperiri
736 2797 817 2855 iubet
837 2815 907 2874 quas
924 2795 979 2852 sibi
997 2814 1015 2852 a

175 2875 298 2935 Lautulo
312 2876 350 2933 ad
364 2875 517 2934 Catilinam
532 2877 581 2934 dat
569 2884 612 2934 tas
626 2896 686 2934 esse
700 2877 820 2935 dicebat.
857 2875 955 2953 Atque
972 2875 1014 2932 ibi

175 2956 424 3014 vehementissime
440 2956 622 3034 perturbatus
642 2956 780 3014 Lentulus
797 2963 895 3014 tamen
914 2962 943 3013 77
960 2955 1015 3031 sig-

175 3054 245 3093 num
260 3043 290 3094 77
302 3055 420 3094 1777717
435 3055 514 3094 77771
529 3037 672 3114 cognovit.
708 3037 798 3094 Erant
808 3042 903 3094 autem
916 3028 1015 3111 [scrip-

114 3139 116 3142 ·
175 3113 271 3193 tae]
250 3134 311 3174 7177
324 3116 745 3188 77711777711117111777177
759 3117 826 3172 scies
839 3133 871 3172 77
884 3131 1015 3188 77777111

174 3195 215 3254 od
230 3203 254 3254 77
267 3196 341 3256 misi.
382 3195 460 3254 Oura
474 3203 508 3253 117
522 3196 567 3253 vir
580 3199 628 3268 sis,
638 3203 665 3253 77
677 3195 769 3270 sopita
783 3213 865 3270 quaa
879 3194 1015 3252 inlocum
