<?xml version="1.0" encoding="UTF-8"?>
<!DOCTYPE html PUBLIC "-//W3C//DTD XHTML 1.0 Transitional//EN"
    "http://www.w3.org/TR/xhtml1/DTD/xhtml1-transitional.dtd">
<html xmlns="http://www.w3.org/1999/xhtml" xml:lang="en" lang="en">
 <head>
  <title>
</title>
<meta http-equiv="Content-Type" content="text/html;charset=utf-8" />
  <meta name='ocr-system' content='tesseract 3.04.00' />
  <meta name='ocr-capabilities' content='ocr_page ocr_carea ocr_par ocr_line ocrx_word'/>
</head>
<body>
  <div class='ocr_page' id='page_1' title='image "./mtulliiciceroni99cicegoog/mtulliiciceroni99cicegoog_0261.png"; bbox 0 0 2240 3418; ppageno 0'>
   <div class='ocr_carea' id='block_1_1' title="bbox 371 125 997 192">
    <p class='ocr_par' dir='ltr' id='par_1_1' title="bbox 371 125 997 192">
     <span class='ocr_line' id='line_1_1' title="bbox 371 125 997 192; baseline 0.008 -14"><span class='ocrx_word' id='word_1_1' title='bbox 371 125 449 179; x_wconf 81' lang='lat' dir='ltr'><strong>CAP.</strong></span> <span class='ocrx_word' id='word_1_2' title='bbox 464 129 646 192; x_wconf 71' lang='lat' dir='ltr'><strong>xix-m,</strong></span> <span class='ocrx_word' id='word_1_3' title='bbox 661 127 677 190; x_wconf 67' lang='grc' dir='ltr'><strong>ξ</strong></span> <span class='ocrx_word' id='word_1_4' title='bbox 690 131 780 182; x_wconf 63' lang='lat' dir='ltr'><strong>eiua.</strong></span> <span class='ocrx_word' id='word_1_5' title='bbox 941 133 997 183; x_wconf 63' lang='lat'>¹251</span> 
     </span>
    </p>
   </div>
   <div class='ocr_carea' id='block_1_2' title="bbox 107 231 998 867">
    <p class='ocr_par' dir='ltr' id='par_1_2' title="bbox 107 231 998 531">
     <span class='ocr_line' id='line_1_2' title="bbox 107 231 998 311; baseline 0.002 -19"><span class='ocrx_word' id='word_1_6' title='bbox 107 253 111 260; x_wconf 80' lang='grc'><strong>’</strong></span> <span class='ocrx_word' id='word_1_7' title='bbox 150 232 235 293; x_wconf 80' lang='lat' dir='ltr'><strong>illins</strong></span> <span class='ocrx_word' id='word_1_8' title='bbox 250 231 452 310; x_wconf 72' lang='lat' dir='ltr'><strong>largitionibus</strong></span> <span class='ocrx_word' id='word_1_9' title='bbox 468 239 498 290; x_wconf 92' lang='lat' dir='ltr'><strong>et</strong></span> <span class='ocrx_word' id='word_1_10' title='bbox 513 233 572 290; x_wconf 88' lang='lat' dir='ltr'><strong>tuis</strong></span> <span class='ocrx_word' id='word_1_11' title='bbox 587 232 695 310; x_wconf 80' lang='lat' dir='ltr'><strong>rapinis</strong></span> <span class='ocrx_word' id='word_1_12' title='bbox 711 231 889 311; x_wconf 67' lang='lat' dir='ltr'><strong>expletiones,</strong></span> <span class='ocrx_word' id='word_1_13' title='bbox 902 233 927 291; x_wconf 88' lang='lat' dir='ltr'><strong>si</strong></span> <span class='ocrx_word' id='word_1_14' title='bbox 941 233 998 294; x_wconf 87' lang='lat' dir='ltr'><strong>hoc</strong></span> 
     </span>
     <span class='ocr_line' id='line_1_3' title="bbox 157 311 997 390; baseline -0.001 -18"><span class='ocrx_word' id='word_1_15' title='bbox 157 320 202 372; x_wconf 91' lang='lat' dir='ltr'><strong>est</strong></span> <span class='ocrx_word' id='word_1_16' title='bbox 217 311 331 390; x_wconf 83' lang='lat' dir='ltr'><strong>explere</strong></span> <span class='ocrx_word' id='word_1_17' title='bbox 351 311 469 368; x_wconf 75' lang='lat' dir='ltr'><strong>haurire</strong></span> <span class='ocrx_word' id='word_1_18' title='bbox 489 311 569 389; x_wconf 90' lang='lat' dir='ltr'><strong>quod</strong></span> <span class='ocrx_word' id='word_1_19' title='bbox 588 312 685 369; x_wconf 86' lang='lat' dir='ltr'><strong>statim</strong></span> <span class='ocrx_word' id='word_1_20' title='bbox 707 312 845 385; x_wconf 84' lang='lat' dir='ltr'><strong>effundas,</strong></span> <span class='ocrx_word' id='word_1_21' title='bbox 857 312 997 373; x_wconf 81' lang='lat' dir='ltr'>advolasti</span> 
     </span>
     <span class='ocr_line' id='line_1_4' title="bbox 156 390 995 471; baseline -0.001 -19"><span class='ocrx_word' id='word_1_22' title='bbox 156 411 245 471; x_wconf 84' lang='lat' dir='ltr'><strong>egens</strong></span> <span class='ocrx_word' id='word_1_23' title='bbox 260 390 298 449; x_wconf 90' lang='lat' dir='ltr'><strong>ad</strong></span> <span class='ocrx_word' id='word_1_24' title='bbox 312 390 500 462; x_wconf 85' lang='lat' dir='ltr'><strong>tribunatum,</strong></span> <span class='ocrx_word' id='word_1_25' title='bbox 512 398 546 448; x_wconf 91' lang='lat' dir='ltr'><strong>ut</strong></span> <span class='ocrx_word' id='word_1_26' title='bbox 561 391 592 449; x_wconf 93' lang='lat' dir='ltr'><strong>in</strong></span> <span class='ocrx_word' id='word_1_27' title='bbox 609 410 643 449; x_wconf 89' lang='lat' dir='ltr'><strong>eo</strong></span> <span class='ocrx_word' id='word_1_28' title='bbox 659 391 837 469; x_wconf 84' lang='lat' dir='ltr'><strong>magistratu,</strong></span> <span class='ocrx_word' id='word_1_29' title='bbox 849 393 873 450; x_wconf 87' lang='lat' dir='ltr'><strong>si</strong></span> <span class='ocrx_word' id='word_1_30' title='bbox 889 412 995 471; x_wconf 86' lang='lat' dir='ltr'><strong>posses,</strong></span> 
     </span>
     <span class='ocr_line' id='line_1_5' title="bbox 157 469 480 531; baseline -0.009 0"><span class='ocrx_word' id='word_1_31' title='bbox 157 472 211 531; x_wconf 87' lang='lat' dir='ltr'><strong>viri</strong></span> <span class='ocrx_word' id='word_1_32' title='bbox 224 471 268 529; x_wconf 91' lang='lat' dir='ltr'><strong>tui</strong></span> <span class='ocrx_word' id='word_1_33' title='bbox 282 469 384 528; x_wconf 87' lang='lat' dir='ltr'><strong>similis</strong></span> <span class='ocrx_word' id='word_1_34' title='bbox 398 489 480 528; x_wconf 87' lang='lat' dir='ltr'><strong>esses.</strong></span> 
     </span>
    </p>

    <p class='ocr_par' dir='ltr' id='par_1_3' title="bbox 155 549 997 867">
     <span class='ocr_line' id='line_1_6' title="bbox 196 549 996 630; baseline 0.001 -21"><span class='ocrx_word' id='word_1_35' title='bbox 196 550 281 609; x_wconf 91' lang='lat' dir='ltr'>XXI.</span> <span class='ocrx_word' id='word_1_36' title='bbox 296 549 429 627; x_wconf 78' lang='lat' dir='ltr'><strong>Accipite</strong></span> <span class='ocrx_word' id='word_1_37' title='bbox 447 568 532 622; x_wconf 90' lang='lat' dir='ltr'><strong>nunc,</strong></span> <span class='ocrx_word' id='word_1_38' title='bbox 544 568 658 627; x_wconf 80' lang='lat' dir='ltr'><strong>quaeso,</strong></span> <span class='ocrx_word' id='word_1_39' title='bbox 669 569 729 608; x_wconf 94' lang='lat' dir='ltr'><strong>non</strong></span> <span class='ocrx_word' id='word_1_40' title='bbox 745 569 871 630; x_wconf 72' lang='lat' dir='ltr'><strong>eaquae</strong></span> <span class='ocrx_word' id='word_1_41' title='bbox 887 551 948 629; x_wconf 87' lang='lat' dir='ltr'><strong>ipse</strong></span> <span class='ocrx_word' id='word_1_42' title='bbox 964 553 996 610; x_wconf 91' lang='lat' dir='ltr'><strong>in</strong></span> 
     </span>
     <span class='ocr_line' id='line_1_7' title="bbox 157 629 997 711; baseline 0 -22"><span class='ocrx_word' id='word_1_43' title='bbox 157 649 187 689; x_wconf 87' lang='lat' dir='ltr'><strong>se</strong></span> <span class='ocrx_word' id='word_1_44' title='bbox 203 637 289 708; x_wconf 89' lang='lat' dir='ltr'><strong>atque</strong></span> <span class='ocrx_word' id='word_1_45' title='bbox 302 630 334 687; x_wconf 90' lang='lat' dir='ltr'><strong>in</strong></span> <span class='ocrx_word' id='word_1_46' title='bbox 348 629 537 688; x_wconf 85' lang='lat' dir='ltr'><strong>domesticum</strong></span> <span class='ocrx_word' id='word_1_47' title='bbox 553 630 676 688; x_wconf 81' lang='lat' dir='ltr'>dedecus</span> <span class='ocrx_word' id='word_1_48' title='bbox 689 630 801 708; x_wconf 88' lang='lat' dir='ltr'><strong>impure</strong></span> <span class='ocrx_word' id='word_1_49' title='bbox 816 638 844 689; x_wconf 93' lang='lat' dir='ltr'><strong>et</strong></span> <span class='ocrx_word' id='word_1_50' title='bbox 857 631 997 711; x_wconf 88' lang='lat' dir='ltr'><strong>intempe-</strong></span> 
     </span>
     <span class='ocr_line' id='line_1_8' title="bbox 156 708 996 788; baseline 0.001 -20"><span class='ocrx_word' id='word_1_51' title='bbox 156 717 259 780; x_wconf 85' lang='lat' dir='ltr'><strong>ranter,</strong></span> <span class='ocrx_word' id='word_1_52' title='bbox 275 709 326 767; x_wconf 90' lang='lat' dir='ltr'><strong>sed</strong></span> <span class='ocrx_word' id='word_1_53' title='bbox 346 728 418 788; x_wconf 88' lang='lat' dir='ltr'><strong>quae</strong></span> <span class='ocrx_word' id='word_1_54' title='bbox 437 708 469 766; x_wconf 90' lang='lat' dir='ltr'><strong>in</strong></span> <span class='ocrx_word' id='word_1_55' title='bbox 489 728 544 766; x_wconf 90' lang='lat' dir='ltr'><strong>nos</strong></span> <span class='ocrx_word' id='word_1_56' title='bbox 563 710 751 786; x_wconf 78' lang='lat' dir='ltr'><strong>fortunasque</strong></span> <span class='ocrx_word' id='word_1_57' title='bbox 771 718 890 782; x_wconf 85' lang='lat' dir='ltr'><strong>nostras,</strong></span> <span class='ocrx_word' id='word_1_58' title='bbox 902 710 934 768; x_wconf 94' lang='lat' dir='ltr'><strong>id</strong></span> <span class='ocrx_word' id='word_1_59' title='bbox 952 718 996 770; x_wconf 88' lang='lat' dir='ltr'><strong>est</strong></span> 
     </span>
     <span class='ocr_line' id='line_1_9' title="bbox 155 788 993 867; baseline 0.002 -20"><span class='ocrx_word' id='word_1_60' title='bbox 155 789 187 847; x_wconf 92' lang='lat' dir='ltr'><strong>in</strong></span> <span class='ocrx_word' id='word_1_61' title='bbox 201 789 363 849; x_wconf 86' lang='lat' dir='ltr'><strong>universam</strong></span> <span class='ocrx_word' id='word_1_62' title='bbox 376 806 437 847; x_wconf 92' lang='lat' dir='ltr'><strong>rem</strong></span> <span class='ocrx_word' id='word_1_63' title='bbox 451 788 605 866; x_wconf 88' lang='lat' dir='ltr'><strong>publicam,</strong></span> <span class='ocrx_word' id='word_1_64' title='bbox 614 789 704 867; x_wconf 89' lang='lat' dir='ltr'><strong>impie</strong></span> <span class='ocrx_word' id='word_1_65' title='bbox 717 809 749 848; x_wconf 88' lang='lat' dir='ltr'><strong>ao</strong></span> <span class='ocrx_word' id='word_1_66' title='bbox 763 790 872 848; x_wconf 77' lang='lat' dir='ltr'><strong>nefarie</strong></span> <span class='ocrx_word' id='word_1_67' title='bbox 885 791 993 849; x_wconf 82' lang='lat' dir='ltr'><strong>fecerit</strong></span> 
     </span>
    </p>
   </div>
   <div class='ocr_carea' id='block_1_3' title="bbox 51 868 1104 1026">
    <p class='ocr_par' dir='ltr' id='par_1_4' title="bbox 51 868 1104 1026">
     <span class='ocr_line' id='line_1_10' title="bbox 51 868 995 947; baseline 0.001 -21"><span class='ocrx_word' id='word_1_68' title='bbox 51 923 55 932; x_wconf 83' lang='grc'>,</span> <span class='ocrx_word' id='word_1_69' title='bbox 155 868 204 926; x_wconf 91' lang='lat' dir='ltr'><strong>Ab</strong></span> <span class='ocrx_word' id='word_1_70' title='bbox 215 868 301 927; x_wconf 88' lang='lat' dir='ltr'><strong>huius</strong></span> <span class='ocrx_word' id='word_1_71' title='bbox 314 869 391 926; x_wconf 91' lang='lat' dir='ltr'><strong>enim</strong></span> <span class='ocrx_word' id='word_1_72' title='bbox 405 869 509 926; x_wconf 88' lang='lat' dir='ltr'><strong>scelere</strong></span> <span class='ocrx_word' id='word_1_73' title='bbox 523 868 654 927; x_wconf 91' lang='lat' dir='ltr'><strong>omnium</strong></span> <span class='ocrx_word' id='word_1_74' title='bbox 667 869 806 927; x_wconf 86' lang='lat' dir='ltr'><strong>melorum</strong></span> <span class='ocrx_word' id='word_1_75' title='bbox 821 869 995 947; x_wconf 89' lang='lat' dir='ltr'><strong>principium</strong></span> 
     </span>
     <span class='ocr_line' id='line_1_11' title="bbox 154 948 1104 1026; baseline 0.002 -20"><span class='ocrx_word' id='word_1_76' title='bbox 154 956 255 1006; x_wconf 89' lang='lat' dir='ltr'><strong>natum</strong></span> <span class='ocrx_word' id='word_1_77' title='bbox 271 949 426 1026; x_wconf 87' lang='lat' dir='ltr'><strong>reperietis.</strong></span> <span class='ocrx_word' id='word_1_78' title='bbox 469 954 515 1006; x_wconf 77' lang='lat'><strong>51.</strong></span> <span class='ocrx_word' id='word_1_79' title='bbox 528 948 614 1020; x_wconf 85' lang='lat' dir='ltr'><strong>Nam,</strong></span> <span class='ocrx_word' id='word_1_80' title='bbox 623 967 689 1006; x_wconf 90' lang='lat' dir='ltr'><strong>cum</strong></span> <span class='ocrx_word' id='word_1_81' title='bbox 705 948 738 1007; x_wconf 90' lang='lat' dir='ltr'><strong>L.</strong></span> <span class='ocrx_word' id='word_1_82' title='bbox 746 949 868 1007; x_wconf 86' lang='lat' dir='ltr'><strong>Lentulo</strong></span> <span class='ocrx_word' id='word_1_83' title='bbox 882 949 914 1007; x_wconf 80' lang='grc' dir='ltr'><strong>Ο.</strong></span> <span class='ocrx_word' id='word_1_84' title='bbox 923 949 996 1007; x_wconf 87' lang='lat' dir='ltr'><strong>Mar·</strong></span> <span class='ocrx_word' id='word_1_85' title='bbox 1102 1003 1104 1008; x_wconf 91' lang='lat'><em>.</em></span> 
     </span>
    </p>
   </div>
   <div class='ocr_carea' id='block_1_4' title="bbox 150 1027 1066 3175">
    <p class='ocr_par' dir='ltr' id='par_1_5' title="bbox 150 1027 1066 3175">
     <span class='ocr_line' id='line_1_12' title="bbox 155 1027 995 1106; baseline 0 -20"><span class='ocrx_word' id='word_1_86' title='bbox 155 1027 227 1086; x_wconf 87' lang='lat' dir='ltr'><strong>cello</strong></span> <span class='ocrx_word' id='word_1_87' title='bbox 241 1027 404 1086; x_wconf 88' lang='lat' dir='ltr'><strong>oonsulibus</strong></span> <span class='ocrx_word' id='word_1_88' title='bbox 414 1027 553 1086; x_wconf 79' lang='lat' dir='ltr'><strong>Kalendis</strong></span> <span class='ocrx_word' id='word_1_89' title='bbox 563 1028 702 1086; x_wconf 75' lang='lat' dir='ltr'><strong>Ianuariis</strong></span> <span class='ocrx_word' id='word_1_90' title='bbox 712 1028 853 1087; x_wconf 87' lang='lat' dir='ltr'><strong>labentem</strong></span> <span class='ocrx_word' id='word_1_91' title='bbox 866 1035 896 1088; x_wconf 87' lang='lat' dir='ltr'><strong>et</strong></span> <span class='ocrx_word' id='word_1_92' title='bbox 904 1048 995 1106; x_wconf 91' lang='lat' dir='ltr'><strong>prope</strong></span> 
     </span>
     <span class='ocr_line' id='line_1_13' title="bbox 155 1107 993 1186; baseline 0.005 -22"><span class='ocrx_word' id='word_1_93' title='bbox 155 1107 305 1165; x_wconf 79' lang='lat' dir='ltr'><strong>cadentem</strong></span> <span class='ocrx_word' id='word_1_94' title='bbox 318 1126 379 1165; x_wconf 92' lang='lat' dir='ltr'><strong>rem</strong></span> <span class='ocrx_word' id='word_1_95' title='bbox 393 1107 539 1185; x_wconf 84' lang='lat' dir='ltr'><strong>publicam</strong></span> <span class='ocrx_word' id='word_1_96' title='bbox 555 1107 657 1166; x_wconf 90' lang='lat' dir='ltr'><strong>fulcire</strong></span> <span class='ocrx_word' id='word_1_97' title='bbox 673 1109 822 1186; x_wconf 85' lang='lat' dir='ltr'><strong>cuperetis,</strong></span> <span class='ocrx_word' id='word_1_98' title='bbox 834 1108 947 1186; x_wconf 85' lang='lat' dir='ltr'><strong>ipsique</strong></span> <span class='ocrx_word' id='word_1_99' title='bbox 960 1107 993 1168; x_wconf 82' lang='grc' dir='ltr'><strong>Ο.</strong></span> 
     </span>
     <span class='ocr_line' id='line_1_14' title="bbox 154 1186 1066 1260; baseline 0.002 -16"><span class='ocrx_word' id='word_1_100' title='bbox 154 1186 277 1258; x_wconf 85' lang='lat' dir='ltr'><strong>Caesari,</strong></span> <span class='ocrx_word' id='word_1_101' title='bbox 293 1187 317 1245; x_wconf 89' lang='lat' dir='ltr'><strong>si</strong></span> <span class='ocrx_word' id='word_1_102' title='bbox 338 1207 407 1245; x_wconf 87' lang='lat' dir='ltr'><strong>sana</strong></span> <span class='ocrx_word' id='word_1_103' title='bbox 425 1195 523 1246; x_wconf 84' lang='lat' dir='ltr'><strong>mente</strong></span> <span class='ocrx_word' id='word_1_104' title='bbox 544 1195 627 1260; x_wconf 87' lang='lat' dir='ltr'><strong>esset,</strong></span> <span class='ocrx_word' id='word_1_105' title='bbox 638 1187 784 1246; x_wconf 89' lang='lat' dir='ltr'><strong>consulere</strong></span> <span class='ocrx_word' id='word_1_106' title='bbox 802 1187 919 1259; x_wconf 87' lang='lat' dir='ltr'><strong>velletis,</strong></span> <span class='ocrx_word' id='word_1_107' title='bbox 931 1195 994 1246; x_wconf 90' lang='lat' dir='ltr'><strong>tum</strong></span> <span class='ocrx_word' id='word_1_108' title='bbox 1064 1191 1066 1195; x_wconf 83' lang='lat'>&#39;</span> 
     </span>
     <span class='ocr_line' id='line_1_15' title="bbox 154 1266 996 1345; baseline 0 -21"><span class='ocrx_word' id='word_1_109' title='bbox 154 1266 210 1324; x_wconf 86' lang='lat' dir='ltr'><strong>iste</strong></span> <span class='ocrx_word' id='word_1_110' title='bbox 224 1266 373 1325; x_wconf 87' lang='lat' dir='ltr'><strong>venditum</strong></span> <span class='ocrx_word' id='word_1_111' title='bbox 394 1273 481 1345; x_wconf 89' lang='lat' dir='ltr'><strong>atque</strong></span> <span class='ocrx_word' id='word_1_112' title='bbox 501 1268 712 1345; x_wconf 87' lang='lat' dir='ltr'><strong>emancipatum</strong></span> <span class='ocrx_word' id='word_1_113' title='bbox 732 1267 911 1326; x_wconf 88' lang='lat' dir='ltr'><strong>tribunatum</strong></span> <span class='ocrx_word' id='word_1_114' title='bbox 929 1287 996 1325; x_wconf 92' lang='lat' dir='ltr'><strong>con·</strong></span> 
     </span>
     <span class='ocr_line' id='line_1_16' title="bbox 154 1345 995 1426; baseline 0.005 -24"><span class='ocrx_word' id='word_1_115' title='bbox 154 1345 226 1403; x_wconf 86' lang='lat' dir='ltr'><strong>siliis</strong></span> <span class='ocrx_word' id='word_1_116' title='bbox 249 1347 350 1405; x_wconf 86' lang='lat' dir='ltr'><strong>vestris</strong></span> <span class='ocrx_word' id='word_1_117' title='bbox 373 1347 511 1425; x_wconf 89' lang='lat' dir='ltr'><strong>opposuit</strong></span> <span class='ocrx_word' id='word_1_118' title='bbox 534 1348 712 1426; x_wconf 87' lang='lat' dir='ltr'><strong>cervicesque</strong></span> <span class='ocrx_word' id='word_1_119' title='bbox 736 1365 801 1405; x_wconf 86' lang='lat' dir='ltr'><strong>suas</strong></span> <span class='ocrx_word' id='word_1_120' title='bbox 822 1347 849 1406; x_wconf 92' lang='lat' dir='ltr'><strong>ei</strong></span> <span class='ocrx_word' id='word_1_121' title='bbox 873 1346 995 1406; x_wconf 84' lang='lat' dir='ltr'><strong>subiecit</strong></span> 
     </span>
     <span class='ocr_line' id='line_1_17' title="bbox 154 1426 992 1505; baseline 0.001 -21"><span class='ocrx_word' id='word_1_122' title='bbox 154 1426 254 1497; x_wconf 88' lang='lat' dir='ltr'><strong>securi,</strong></span> <span class='ocrx_word' id='word_1_123' title='bbox 269 1445 327 1503; x_wconf 92' lang='lat' dir='ltr'><strong>qua</strong></span> <span class='ocrx_word' id='word_1_124' title='bbox 345 1427 431 1485; x_wconf 91' lang='lat' dir='ltr'><strong>multi</strong></span> <span class='ocrx_word' id='word_1_125' title='bbox 450 1426 610 1485; x_wconf 86' lang='lat' dir='ltr'><strong>minoribns</strong></span> <span class='ocrx_word' id='word_1_126' title='bbox 630 1427 801 1505; x_wconf 88' lang='lat' dir='ltr'><strong>inpeccatis</strong></span> <span class='ocrx_word' id='word_1_127' title='bbox 819 1426 992 1485; x_wconf 79' lang='lat' dir='ltr'><strong>occiderunt</strong></span> 
     </span>
     <span class='ocr_line' id='line_1_18' title="bbox 154 1504 995 1586; baseline 0.002 -24"><span class='ocrx_word' id='word_1_128' title='bbox 154 1504 190 1562; x_wconf 92' lang='lat' dir='ltr'><strong>In</strong></span> <span class='ocrx_word' id='word_1_129' title='bbox 205 1511 243 1577; x_wconf 91' lang='lat' dir='ltr'><strong>te,</strong></span> <span class='ocrx_word' id='word_1_130' title='bbox 255 1505 294 1564; x_wconf 91' lang='lat' dir='ltr'><strong>M.</strong></span> <span class='ocrx_word' id='word_1_131' title='bbox 305 1505 425 1578; x_wconf 84' lang='lat' dir='ltr'><strong>Antoni,</strong></span> <span class='ocrx_word' id='word_1_132' title='bbox 440 1506 472 1563; x_wconf 91' lang='lat' dir='ltr'><strong>id</strong></span> <span class='ocrx_word' id='word_1_133' title='bbox 492 1507 618 1565; x_wconf 86' lang='lat' dir='ltr'><strong>decrevit</strong></span> <span class='ocrx_word' id='word_1_134' title='bbox 638 1514 752 1565; x_wconf 85' lang='lat' dir='ltr'><strong>senatus</strong></span> <span class='ocrx_word' id='word_1_135' title='bbox 772 1513 802 1566; x_wconf 88' lang='lat' dir='ltr'><strong>et</strong></span> <span class='ocrx_word' id='word_1_136' title='bbox 818 1507 935 1586; x_wconf 90' lang='lat' dir='ltr'><strong>quidem</strong></span> <span class='ocrx_word' id='word_1_137' title='bbox 952 1507 995 1564; x_wconf 89' lang='lat' dir='ltr'><strong>in-</strong></span> 
     </span>
     <span class='ocr_line' id='line_1_19' title="bbox 150 1584 994 1664; baseline 0.002 -22"><span class='ocrx_word' id='word_1_138' title='bbox 150 1584 283 1657; x_wconf 88' lang='lat' dir='ltr'><strong>columis,</strong></span> <span class='ocrx_word' id='word_1_139' title='bbox 297 1585 427 1644; x_wconf 87' lang='lat' dir='ltr'><strong>nondum</strong></span> <span class='ocrx_word' id='word_1_140' title='bbox 447 1592 494 1644; x_wconf 89' lang='lat' dir='ltr'><strong>tot</strong></span> <span class='ocrx_word' id='word_1_141' title='bbox 513 1585 670 1644; x_wconf 88' lang='lat' dir='ltr'><strong>luminibus</strong></span> <span class='ocrx_word' id='word_1_142' title='bbox 696 1586 852 1658; x_wconf 76' lang='lat' dir='ltr'><strong>exstinctis,</strong></span> <span class='ocrx_word' id='word_1_143' title='bbox 864 1586 943 1664; x_wconf 89' lang='lat' dir='ltr'><strong>quod</strong></span> <span class='ocrx_word' id='word_1_144' title='bbox 962 1587 994 1644; x_wconf 94' lang='lat' dir='ltr'><strong>in</strong></span> 
     </span>
     <span class='ocr_line' id='line_1_20' title="bbox 153 1663 991 1744; baseline 0.006 -23"><span class='ocrx_word' id='word_1_145' title='bbox 153 1663 267 1724; x_wconf 87' lang='lat' dir='ltr'><strong>hostem</strong></span> <span class='ocrx_word' id='word_1_146' title='bbox 281 1671 413 1744; x_wconf 81' lang='lat' dir='ltr'><strong>togatum</strong></span> <span class='ocrx_word' id='word_1_147' title='bbox 430 1665 544 1724; x_wconf 84' lang='lat' dir='ltr'><strong>decerni</strong></span> <span class='ocrx_word' id='word_1_148' title='bbox 560 1673 604 1724; x_wconf 88' lang='lat' dir='ltr'><strong>est</strong></span> <span class='ocrx_word' id='word_1_149' title='bbox 618 1666 735 1725; x_wconf 88' lang='lat' dir='ltr'><strong>solitum</strong></span> <span class='ocrx_word' id='word_1_150' title='bbox 748 1685 829 1725; x_wconf 89' lang='lat' dir='ltr'><strong>more</strong></span> <span class='ocrx_word' id='word_1_151' title='bbox 842 1666 991 1726; x_wconf 90' lang='lat' dir='ltr'><strong>maiorum.</strong></span> 
     </span>
     <span class='ocr_line' id='line_1_21' title="bbox 153 1743 994 1823; baseline 0.002 -21"><span class='ocrx_word' id='word_1_152' title='bbox 153 1743 192 1802; x_wconf 83' lang='lat' dir='ltr'><strong>Et</strong></span> <span class='ocrx_word' id='word_1_153' title='bbox 202 1751 234 1802; x_wconf 91' lang='lat' dir='ltr'><strong>tu</strong></span> <span class='ocrx_word' id='word_1_154' title='bbox 249 1745 326 1822; x_wconf 90' lang='lat' dir='ltr'><strong>apud</strong></span> <span class='ocrx_word' id='word_1_155' title='bbox 336 1751 431 1822; x_wconf 89' lang='lat' dir='ltr'><strong>patres</strong></span> <span class='ocrx_word' id='word_1_156' title='bbox 444 1745 622 1823; x_wconf 87' lang='lat' dir='ltr'><strong>conscriptos</strong></span> <span class='ocrx_word' id='word_1_157' title='bbox 634 1754 735 1805; x_wconf 88' lang='lat' dir='ltr'><strong>contra</strong></span> <span class='ocrx_word' id='word_1_158' title='bbox 747 1765 794 1805; x_wconf 89' lang='lat' dir='ltr'><strong>me</strong></span> <span class='ocrx_word' id='word_1_159' title='bbox 805 1747 898 1805; x_wconf 88' lang='lat' dir='ltr'><strong>dicere</strong></span> <span class='ocrx_word' id='word_1_160' title='bbox 908 1765 994 1804; x_wconf 90' lang='lat' dir='ltr'><strong>ausus</strong></span> 
     </span>
     <span class='ocr_line' id='line_1_22' title="bbox 153 1823 993 1902; baseline 0.004 -21"><span class='ocrx_word' id='word_1_161' title='bbox 153 1841 192 1894; x_wconf 86' lang='lat' dir='ltr'><strong>es,</strong></span> <span class='ocrx_word' id='word_1_162' title='bbox 207 1842 274 1882; x_wconf 92' lang='lat' dir='ltr'><strong>cum</strong></span> <span class='ocrx_word' id='word_1_163' title='bbox 298 1824 334 1883; x_wconf 89' lang='lat' dir='ltr'><strong>ab</strong></span> <span class='ocrx_word' id='word_1_164' title='bbox 357 1823 414 1882; x_wconf 89' lang='lat' dir='ltr'><strong>boc</strong></span> <span class='ocrx_word' id='word_1_165' title='bbox 438 1825 539 1883; x_wconf 87' lang='lat' dir='ltr'><strong>ordine</strong></span> <span class='ocrx_word' id='word_1_166' title='bbox 562 1843 618 1902; x_wconf 82' lang='lat' dir='ltr'><strong>ego</strong></span> <span class='ocrx_word' id='word_1_167' title='bbox 640 1834 823 1886; x_wconf 87' lang='lat' dir='ltr'><strong>conservator</strong></span> <span class='ocrx_word' id='word_1_168' title='bbox 846 1845 945 1898; x_wconf 83' lang='lat' dir='ltr'><strong>essem,</strong></span> <span class='ocrx_word' id='word_1_169' title='bbox 960 1833 993 1884; x_wconf 88' lang='lat' dir='ltr'><strong>tu</strong></span> 
     </span>
     <span class='ocr_line' id='line_1_23' title="bbox 152 1901 994 1981; baseline 0.005 -21"><span class='ocrx_word' id='word_1_170' title='bbox 152 1901 245 1961; x_wconf 84' lang='lat' dir='ltr'><strong>boetis</strong></span> <span class='ocrx_word' id='word_1_171' title='bbox 258 1903 299 1961; x_wconf 93' lang='lat' dir='ltr'><strong>rei</strong></span> <span class='ocrx_word' id='word_1_172' title='bbox 313 1903 444 1981; x_wconf 87' lang='lat' dir='ltr'><strong>publicae</strong></span> <span class='ocrx_word' id='word_1_173' title='bbox 457 1905 616 1963; x_wconf 83' lang='lat' dir='ltr'><strong>iudicatusl</strong></span> <span class='ocrx_word' id='word_1_174' title='bbox 656 1906 901 1965; x_wconf 83' lang='lat' dir='ltr'><strong>Commemoratio</strong></span> <span class='ocrx_word' id='word_1_175' title='bbox 917 1905 994 1964; x_wconf 88' lang='lat' dir='ltr'><strong>illins</strong></span> 
     </span>
     <span class='ocr_line' id='line_1_24' title="bbox 153 1982 992 2055; baseline 0.006 -16"><span class='ocrx_word' id='word_1_176' title='bbox 153 1982 197 2039; x_wconf 90' lang='lat' dir='ltr'><strong>tui</strong></span> <span class='ocrx_word' id='word_1_177' title='bbox 207 1982 319 2040; x_wconf 88' lang='lat' dir='ltr'><strong>sceleris</strong></span> <span class='ocrx_word' id='word_1_178' title='bbox 329 1983 492 2041; x_wconf 85' lang='lat' dir='ltr'><strong>intermissa</strong></span> <span class='ocrx_word' id='word_1_179' title='bbox 501 1990 552 2055; x_wconf 91' lang='lat' dir='ltr'><strong>est,</strong></span> <span class='ocrx_word' id='word_1_180' title='bbox 562 2003 621 2042; x_wconf 89' lang='lat' dir='ltr'><strong>non</strong></span> <span class='ocrx_word' id='word_1_181' title='bbox 631 1986 771 2043; x_wconf 89' lang='lat' dir='ltr'><strong>memoria</strong></span> <span class='ocrx_word' id='word_1_182' title='bbox 780 1985 881 2044; x_wconf 78' lang='lat' dir='ltr'><strong>deleta</strong></span> <span class='ocrx_word' id='word_1_183' title='bbox 912 1985 992 2044; x_wconf 92' lang='lat' dir='ltr'><strong>Dum</strong></span> 
     </span>
     <span class='ocr_line' id='line_1_25' title="bbox 152 2061 994 2141; baseline 0.006 -23"><span class='ocrx_word' id='word_1_184' title='bbox 152 2079 244 2138; x_wconf 83' lang='lat' dir='ltr'><strong>genus</strong></span> <span class='ocrx_word' id='word_1_185' title='bbox 259 2061 420 2134; x_wconf 86' lang='lat' dir='ltr'><strong>hominum,</strong></span> <span class='ocrx_word' id='word_1_186' title='bbox 432 2063 502 2120; x_wconf 90' lang='lat' dir='ltr'><strong>dum</strong></span> <span class='ocrx_word' id='word_1_187' title='bbox 518 2063 619 2141; x_wconf 91' lang='lat' dir='ltr'><strong>populi</strong></span> <span class='ocrx_word' id='word_1_188' title='bbox 635 2063 760 2122; x_wconf 88' lang='lat' dir='ltr'><strong>Romani</strong></span> <span class='ocrx_word' id='word_1_189' title='bbox 776 2083 883 2123; x_wconf 86' lang='lat' dir='ltr'><strong>nomeu</strong></span> <span class='ocrx_word' id='word_1_190' title='bbox 903 2072 994 2123; x_wconf 87' lang='lat' dir='ltr'><strong>exsta·</strong></span> 
     </span>
     <span class='ocr_line' id='line_1_26' title="bbox 152 2140 992 2221; baseline 0.005 -23"><span class='ocrx_word' id='word_1_191' title='bbox 152 2140 315 2219; x_wconf 91' lang='lat' dir='ltr'><strong>bit-quod</strong></span> <span class='ocrx_word' id='word_1_192' title='bbox 326 2142 443 2219; x_wconf 92' lang='lat' dir='ltr'><strong>quidem</strong></span> <span class='ocrx_word' id='word_1_193' title='bbox 457 2143 519 2214; x_wconf 86' lang='lat' dir='ltr'><strong>erit,</strong></span> <span class='ocrx_word' id='word_1_194' title='bbox 529 2144 554 2200; x_wconf 90' lang='lat' dir='ltr'><strong>ai</strong></span> <span class='ocrx_word' id='word_1_195' title='bbox 564 2163 616 2220; x_wconf 87' lang='lat' dir='ltr'><strong>per</strong></span> <span class='ocrx_word' id='word_1_196' title='bbox 628 2150 657 2201; x_wconf 98' lang='lat' dir='ltr'><strong>te</strong></span> <span class='ocrx_word' id='word_1_197' title='bbox 671 2143 776 2214; x_wconf 89' lang='lat' dir='ltr'><strong>licebit,</strong></span> <span class='ocrx_word' id='word_1_198' title='bbox 786 2143 992 2221; x_wconf 86' lang='lat' dir='ltr'><strong>sempiternum</strong></span> 
     </span>
     <span class='ocr_line' id='line_1_27' title="bbox 152 2220 991 2299; baseline 0.005 -21"><span class='ocrx_word' id='word_1_199' title='bbox 152 2228 251 2278; x_wconf 84' lang='lat' dir='ltr'><strong>-tua</strong></span> <span class='ocrx_word' id='word_1_200' title='bbox 274 2220 323 2279; x_wconf 89' lang='lat' dir='ltr'><strong>illa</strong></span> <span class='ocrx_word' id='word_1_201' title='bbox 346 2222 483 2299; x_wconf 86' lang='lat' dir='ltr'><strong>pestifera</strong></span> <span class='ocrx_word' id='word_1_202' title='bbox 508 2222 673 2280; x_wconf 85' lang='lat' dir='ltr'><strong>intercessio</strong></span> <span class='ocrx_word' id='word_1_203' title='bbox 696 2223 901 2282; x_wconf 81' lang='lat' dir='ltr'><strong>nominabitur.</strong></span> <span class='ocrx_word' id='word_1_204' title='bbox 944 2229 991 2282; x_wconf 76' lang='grc'><strong>62.</strong></span> 
     </span>
     <span class='ocr_line' id='line_1_28' title="bbox 153 2298 993 2380; baseline 0.005 -23"><span class='ocrx_word' id='word_1_205' title='bbox 153 2298 231 2369; x_wconf 82' lang='lat' dir='ltr'><strong>Quid</strong></span> <span class='ocrx_word' id='word_1_206' title='bbox 252 2300 356 2378; x_wconf 89' lang='lat' dir='ltr'><strong>cupide</strong></span> <span class='ocrx_word' id='word_1_207' title='bbox 378 2320 395 2359; x_wconf 89' lang='lat' dir='ltr'><strong>a</strong></span> <span class='ocrx_word' id='word_1_208' title='bbox 419 2309 528 2373; x_wconf 90' lang='lat' dir='ltr'><strong>senatu,</strong></span> <span class='ocrx_word' id='word_1_209' title='bbox 543 2303 613 2380; x_wconf 92' lang='lat' dir='ltr'><strong>quid</strong></span> <span class='ocrx_word' id='word_1_210' title='bbox 634 2310 741 2361; x_wconf 84' lang='lat' dir='ltr'><strong>temere</strong></span> <span class='ocrx_word' id='word_1_211' title='bbox 761 2301 856 2374; x_wconf 89' lang='lat' dir='ltr'><strong>fiebat,</strong></span> <span class='ocrx_word' id='word_1_212' title='bbox 871 2321 937 2360; x_wconf 91' lang='lat' dir='ltr'><strong>cum</strong></span> <span class='ocrx_word' id='word_1_213' title='bbox 958 2309 993 2361; x_wconf 90' lang='lat' dir='ltr'><strong>tu</strong></span> 
     </span>
     <span class='ocr_line' id='line_1_29' title="bbox 152 2380 993 2440; baseline 0.004 -3"><span class='ocrx_word' id='word_1_214' title='bbox 152 2399 227 2437; x_wconf 89' lang='lat' dir='ltr'><strong>unus</strong></span> <span class='ocrx_word' id='word_1_215' title='bbox 250 2380 415 2438; x_wconf 81' lang='lat' dir='ltr'><strong>adolescens</strong></span> <span class='ocrx_word' id='word_1_216' title='bbox 438 2382 603 2439; x_wconf 87' lang='lat' dir='ltr'><strong>universnm</strong></span> <span class='ocrx_word' id='word_1_217' title='bbox 628 2382 759 2440; x_wconf 86' lang='lat' dir='ltr'><strong>ordinem</strong></span> <span class='ocrx_word' id='word_1_218' title='bbox 782 2382 932 2440; x_wconf 84' lang='lat' dir='ltr'><strong>decernere</strong></span> <span class='ocrx_word' id='word_1_219' title='bbox 955 2382 993 2440; x_wconf 91' lang='lat' dir='ltr'><strong>de</strong></span> 
     </span>
     <span class='ocr_line' id='line_1_30' title="bbox 152 2455 992 2540; baseline 0.005 -24"><span class='ocrx_word' id='word_1_220' title='bbox 152 2459 243 2517; x_wconf 86' lang='lat' dir='ltr'><strong>salute</strong></span> <span class='ocrx_word' id='word_1_221' title='bbox 260 2460 301 2517; x_wconf 93' lang='lat' dir='ltr'><strong>rei</strong></span> <span class='ocrx_word' id='word_1_222' title='bbox 314 2459 447 2537; x_wconf 89' lang='lat' dir='ltr'><strong>publicae</strong></span> <span class='ocrx_word' id='word_1_223' title='bbox 462 2461 643 2538; x_wconf 90' lang='lat' dir='ltr'><strong>prohibuisti,</strong></span> <span class='ocrx_word' id='word_1_224' title='bbox 655 2481 748 2540; x_wconf 88' lang='lat' dir='ltr'><strong>neque</strong></span> <span class='ocrx_word' id='word_1_225' title='bbox 763 2455 819 2539; x_wconf 92' lang='lat' dir='ltr'><strong>[id]</strong></span> <span class='ocrx_word' id='word_1_226' title='bbox 834 2460 930 2533; x_wconf 85' lang='lat' dir='ltr'><strong>semel,</strong></span> <span class='ocrx_word' id='word_1_227' title='bbox 942 2462 992 2520; x_wconf 91' lang='lat' dir='ltr'><strong>sed</strong></span> 
     </span>
     <span class='ocr_line' id='line_1_31' title="bbox 153 2539 993 2618; baseline 0.005 -23"><span class='ocrx_word' id='word_1_228' title='bbox 153 2539 273 2616; x_wconf 88' lang='lat' dir='ltr'><strong>saepius,</strong></span> <span class='ocrx_word' id='word_1_229' title='bbox 289 2558 382 2617; x_wconf 87' lang='lat' dir='ltr'><strong>neque</strong></span> <span class='ocrx_word' id='word_1_230' title='bbox 402 2545 434 2597; x_wconf 92' lang='lat' dir='ltr'><strong>tu</strong></span> <span class='ocrx_word' id='word_1_231' title='bbox 455 2546 551 2599; x_wconf 89' lang='lat' dir='ltr'><strong>tecum</strong></span> <span class='ocrx_word' id='word_1_232' title='bbox 568 2541 604 2599; x_wconf 93' lang='lat' dir='ltr'><strong>de</strong></span> <span class='ocrx_word' id='word_1_233' title='bbox 625 2548 740 2600; x_wconf 88' lang='lat' dir='ltr'><strong>senatus</strong></span> <span class='ocrx_word' id='word_1_234' title='bbox 759 2541 928 2600; x_wconf 86' lang='lat' dir='ltr'><strong>auctoritate</strong></span> <span class='ocrx_word' id='word_1_235' title='bbox 944 2541 993 2618; x_wconf 79' lang='lat' dir='ltr'><strong>agi</strong></span> 
     </span>
     <span class='ocr_line' id='line_1_32' title="bbox 151 2618 993 2698; baseline 0.006 -24"><span class='ocrx_word' id='word_1_236' title='bbox 151 2636 252 2694; x_wconf 86' lang='lat' dir='ltr'><strong>passus</strong></span> <span class='ocrx_word' id='word_1_237' title='bbox 272 2619 321 2676; x_wconf 75' lang='lat' dir='ltr'><strong>esi</strong></span> <span class='ocrx_word' id='word_1_238' title='bbox 361 2618 439 2688; x_wconf 77' lang='lat' dir='ltr'><strong>Quid</strong></span> <span class='ocrx_word' id='word_1_239' title='bbox 457 2627 552 2678; x_wconf 88' lang='lat' dir='ltr'><strong>autem</strong></span> <span class='ocrx_word' id='word_1_240' title='bbox 572 2621 709 2698; x_wconf 85' lang='lat' dir='ltr'><strong>agebatur</strong></span> <span class='ocrx_word' id='word_1_241' title='bbox 727 2621 784 2679; x_wconf 92' lang='lat' dir='ltr'><strong>nisi</strong></span> <span class='ocrx_word' id='word_1_242' title='bbox 802 2640 838 2679; x_wconf 91' lang='lat' dir='ltr'><strong>ne</strong></span> <span class='ocrx_word' id='word_1_243' title='bbox 859 2620 946 2679; x_wconf 88' lang='lat' dir='ltr'><strong>deleri</strong></span> <span class='ocrx_word' id='word_1_244' title='bbox 963 2628 993 2679; x_wconf 91' lang='lat' dir='ltr'><strong>et</strong></span> 
     </span>
     <span class='ocr_line' id='line_1_33' title="bbox 151 2697 993 2778; baseline 0.006 -25"><span class='ocrx_word' id='word_1_245' title='bbox 151 2697 240 2754; x_wconf 84' lang='lat' dir='ltr'><strong>everti</strong></span> <span class='ocrx_word' id='word_1_246' title='bbox 256 2715 317 2755; x_wconf 86' lang='lat' dir='ltr'><strong>rem</strong></span> <span class='ocrx_word' id='word_1_247' title='bbox 337 2697 482 2775; x_wconf 90' lang='lat' dir='ltr'><strong>publicam</strong></span> <span class='ocrx_word' id='word_1_248' title='bbox 501 2699 634 2758; x_wconf 90' lang='lat' dir='ltr'><strong>funditus</strong></span> <span class='ocrx_word' id='word_1_249' title='bbox 654 2700 748 2772; x_wconf 89' lang='lat' dir='ltr'><strong>velles,</strong></span> <span class='ocrx_word' id='word_1_250' title='bbox 763 2720 829 2759; x_wconf 90' lang='lat' dir='ltr'><strong>cnm</strong></span> <span class='ocrx_word' id='word_1_251' title='bbox 849 2707 879 2758; x_wconf 91' lang='lat' dir='ltr'><strong>te</strong></span> <span class='ocrx_word' id='word_1_252' title='bbox 898 2719 993 2778; x_wconf 81' lang='lat' dir='ltr'><strong>neque</strong></span> 
     </span>
     <span class='ocr_line' id='line_1_34' title="bbox 151 2776 993 2858; baseline 0.006 -26"><span class='ocrx_word' id='word_1_253' title='bbox 151 2776 296 2854; x_wconf 88' lang='lat' dir='ltr'><strong>principes</strong></span> <span class='ocrx_word' id='word_1_254' title='bbox 311 2778 435 2836; x_wconf 87' lang='lat' dir='ltr'><strong>civitatis</strong></span> <span class='ocrx_word' id='word_1_255' title='bbox 451 2779 580 2856; x_wconf 82' lang='lat' dir='ltr'><strong>rogando</strong></span> <span class='ocrx_word' id='word_1_256' title='bbox 598 2799 691 2858; x_wconf 89' lang='lat' dir='ltr'><strong>neque</strong></span> <span class='ocrx_word' id='word_1_257' title='bbox 711 2781 833 2839; x_wconf 87' lang='lat' dir='ltr'><strong>maiores</strong></span> <span class='ocrx_word' id='word_1_258' title='bbox 848 2786 918 2838; x_wconf 90' lang='lat' dir='ltr'><strong>natu</strong></span> <span class='ocrx_word' id='word_1_259' title='bbox 931 2798 993 2837; x_wconf 91' lang='lat' dir='ltr'><strong>mo-</strong></span> 
     </span>
     <span class='ocr_line' id='line_1_35' title="bbox 151 2854 993 2937; baseline 0.006 -26"><span class='ocrx_word' id='word_1_260' title='bbox 151 2854 247 2913; x_wconf 89' lang='lat' dir='ltr'><strong>nendo</strong></span> <span class='ocrx_word' id='word_1_261' title='bbox 268 2875 361 2934; x_wconf 89' lang='lat' dir='ltr'><strong>neque</strong></span> <span class='ocrx_word' id='word_1_262' title='bbox 387 2857 524 2934; x_wconf 87' lang='lat' dir='ltr'><strong>frequens</strong></span> <span class='ocrx_word' id='word_1_263' title='bbox 547 2865 662 2917; x_wconf 86' lang='lat' dir='ltr'><strong>senatus</strong></span> <span class='ocrx_word' id='word_1_264' title='bbox 683 2860 796 2937; x_wconf 86' lang='lat' dir='ltr'><strong>agendo</strong></span> <span class='ocrx_word' id='word_1_265' title='bbox 818 2859 854 2916; x_wconf 90' lang='lat' dir='ltr'><strong>de</strong></span> <span class='ocrx_word' id='word_1_266' title='bbox 876 2859 993 2917; x_wconf 87' lang='lat' dir='ltr'><strong>vendita</strong></span> 
     </span>
     <span class='ocr_line' id='line_1_36' title="bbox 151 2935 991 3016; baseline 0.007 -25"><span class='ocrx_word' id='word_1_267' title='bbox 151 2940 237 3011; x_wconf 89' lang='lat' dir='ltr'><strong>atque</strong></span> <span class='ocrx_word' id='word_1_268' title='bbox 253 2935 370 2994; x_wconf 85' lang='lat' dir='ltr'><strong>addicta</strong></span> <span class='ocrx_word' id='word_1_269' title='bbox 386 2937 528 2995; x_wconf 87' lang='lat' dir='ltr'><strong>sententia</strong></span> <span class='ocrx_word' id='word_1_270' title='bbox 542 2957 658 2997; x_wconf 84' lang='lat' dir='ltr'><strong>movere</strong></span> <span class='ocrx_word' id='word_1_271' title='bbox 674 2940 788 3016; x_wconf 78' lang='lat' dir='ltr'><strong>potuitt</strong></span> <span class='ocrx_word' id='word_1_272' title='bbox 828 2937 903 2997; x_wconf 87' lang='lat' dir='ltr'><strong>Tum</strong></span> <span class='ocrx_word' id='word_1_273' title='bbox 919 2937 991 2998; x_wconf 91' lang='lat' dir='ltr'><strong>illnd</strong></span> 
     </span>
     <span class='ocr_line' id='line_1_37' title="bbox 150 3013 992 3094; baseline 0.005 -22"><span class='ocrx_word' id='word_1_274' title='bbox 150 3013 251 3073; x_wconf 89' lang='lat' dir='ltr'><strong>multis</strong></span> <span class='ocrx_word' id='word_1_275' title='bbox 271 3014 356 3073; x_wconf 88' lang='lat' dir='ltr'><strong>rebus</strong></span> <span class='ocrx_word' id='word_1_276' title='bbox 375 3022 441 3076; x_wconf 89' lang='lat' dir='ltr'><strong>ante</strong></span> <span class='ocrx_word' id='word_1_277' title='bbox 463 3018 612 3094; x_wconf 86' lang='lat' dir='ltr'><strong>temptatis</strong></span> <span class='ocrx_word' id='word_1_278' title='bbox 632 3019 790 3076; x_wconf 85' lang='lat' dir='ltr'><strong>necessario</strong></span> <span class='ocrx_word' id='word_1_279' title='bbox 813 3017 868 3077; x_wconf 91' lang='lat' dir='ltr'><strong>tibi</strong></span> <span class='ocrx_word' id='word_1_280' title='bbox 888 3018 992 3076; x_wconf 89' lang='lat' dir='ltr'><strong>vulnus</strong></span> 
     </span>
     <span class='ocr_line' id='line_1_38' title="bbox 151 3092 991 3175; baseline 0.007 -25"><span class='ocrx_word' id='word_1_281' title='bbox 151 3092 294 3152; x_wconf 87' lang='lat' dir='ltr'><strong>inflictum</strong></span> <span class='ocrx_word' id='word_1_282' title='bbox 308 3101 359 3167; x_wconf 87' lang='lat' dir='ltr'><strong>est,</strong></span> <span class='ocrx_word' id='word_1_283' title='bbox 372 3095 451 3172; x_wconf 91' lang='lat' dir='ltr'><strong>qnod</strong></span> <span class='ocrx_word' id='word_1_284' title='bbox 464 3097 563 3172; x_wconf 88' lang='lat' dir='ltr'><strong>paucis</strong></span> <span class='ocrx_word' id='word_1_285' title='bbox 575 3105 642 3156; x_wconf 88' lang='lat' dir='ltr'><strong>ante</strong></span> <span class='ocrx_word' id='word_1_286' title='bbox 655 3105 692 3169; x_wconf 92' lang='lat' dir='ltr'><strong>te,</strong></span> <span class='ocrx_word' id='word_1_287' title='bbox 703 3115 825 3175; x_wconf 88' lang='lat' dir='ltr'><strong>quorum</strong></span> <span class='ocrx_word' id='word_1_288' title='bbox 838 3097 991 3156; x_wconf 88' lang='lat' dir='ltr'><strong>incolumia</strong></span> 
     </span>
    </p>
   </div>
   <div class='ocr_carea' id='block_1_5' title="bbox 151 3172 991 3238">
    <p class='ocr_par' dir='ltr' id='par_1_6' title="bbox 151 3172 991 3238">
     <span class='ocr_line' id='line_1_39' title="bbox 151 3172 991 3238; baseline 0.006 -8"><span class='ocrx_word' id='word_1_289' title='bbox 151 3172 210 3231; x_wconf 89' lang='lat' dir='ltr'><strong>fuit</strong></span> <span class='ocrx_word' id='word_1_290' title='bbox 226 3181 320 3234; x_wconf 79' lang='lat' dir='ltr'><strong>nemo.¹</strong></span> <span class='ocrx_word' id='word_1_291' title='bbox 363 3180 409 3233; x_wconf 81' lang='lat'><strong>53.</strong></span> <span class='ocrx_word' id='word_1_292' title='bbox 421 3174 497 3232; x_wconf 85' lang='lat' dir='ltr'><strong>Tum</strong></span> <span class='ocrx_word' id='word_1_293' title='bbox 513 3184 615 3235; x_wconf 86' lang='lat' dir='ltr'><strong>contra</strong></span> <span class='ocrx_word' id='word_1_294' title='bbox 626 3185 656 3236; x_wconf 90' lang='lat' dir='ltr'><strong>te</strong></span> <span class='ocrx_word' id='word_1_295' title='bbox 670 3177 751 3236; x_wconf 89' lang='lat' dir='ltr'><strong>dedit</strong></span> <span class='ocrx_word' id='word_1_296' title='bbox 766 3195 845 3238; x_wconf 87' lang='lat' dir='ltr'><strong>arma</strong></span> <span class='ocrx_word' id='word_1_297' title='bbox 857 3176 905 3236; x_wconf 89' lang='lat' dir='ltr'><strong>hic</strong></span> <span class='ocrx_word' id='word_1_298' title='bbox 919 3177 991 3236; x_wconf 93' lang='lat' dir='ltr'><strong>ordo</strong></span> 
     </span>
    </p>
   </div>
   <div class='ocr_carea' id='block_1_6' title="bbox 0 0 1124 3418">
    <p class='ocr_par' dir='ltr' id='par_1_7' title="bbox 0 0 1124 3418">
     <span class='ocr_line' id='line_1_40' title="bbox 0 0 1124 3418; baseline 0 1"><span class='ocrx_word' id='word_1_299' title='bbox 0 0 1124 3418; x_wconf 95' lang='lat' dir='ltr'><strong> </strong></span> 
     </span>
    </p>
   </div>
  </div>
 </body>
</html>
