2262 3412
344 158 348 164 .
398 87 774 184 cnr.vn.-1x.,§17-aa
975 122 1009 172 as

169 224 335 303 repudiatus
358 225 396 282 ad
420 223 546 281 sodalem
570 223 773 294 tuum-virum
798 221 950 300 optimum,
968 222 1007 282 M.

170 304 335 362 Marcellum
351 303 534 381 demigrasti:
557 322 643 381 quem
652 305 692 360 ‘tu
708 301 841 360 videlicet
855 309 884 360 et
897 302 935 360 ad
948 322 1009 360 cus·

169 384 340 442 todiendum
364 391 393 446 te
418 383 670 460 diligentissimum
695 381 781 438 etad
806 382 1009 458 suspicandum

170 464 383 541 sagacissimum
405 463 491 520 etad
511 461 715 519 vindicandum
736 461 926 518 fortissimum
946 461 1010 519 fore
1097 497 1100 504 ·

169 543 285 620 putasti.
328 542 386 600 Sed
403 561 489 619 quam
503 541 589 618 longe
603 540 716 597 videtur
732 560 749 598 a
765 559 874 598 carcere
891 547 976 618 atque
993 559 1010 598 a

169 622 290 680 vinculis
309 621 406 680 abesse
423 621 534 694 debere,
547 622 596 698 qui
610 621 718 698 seipse
737 620 795 677 iam
812 620 932 697 dignum
950 639 1010 677 cus·

169 702 250 759 todia
273 702 426 760 iudicarit?
467 707 514 759 20.
537 700 616 769 Quae
640 719 706 758 cum
730 701 772 758 ita
796 699 860 770 sint,
877 699 1011 771 Catilina,¹

169 781 292 853 dubitas,
309 782 332 838 si
353 781 444 839 emori
465 800 555 858 aequo
577 780 674 838 animo
695 799 753 837 non
774 786 865 857 potes,
882 778 959 837 abire
979 780 1010 836 in

170 861 277 938 aliquas
309 869 399 918 terras
431 868 461 919 et
490 861 579 918 vitam
610 860 704 931 istem,
732 858 830 916 multis
863 858 1011 936 suppliciis

169 939 252 998 iustis
269 940 587 1018 debitisqueereptem,
602 940 689 1017 fugae
710 939 914 1017 solitudinique
933 957 1011 996 men·

170 1019 257 1077 darei

210 1099 306 1170 Refer,
318 1091 423 1176 inquis,
435 1099 473 1156 ed
487 1104 633 1156 senatum:
655 1098 687 1156 id
703 1099 780 1156 enirn
794 1098 921 1176 postulas
936 1104 973 1169 et,
987 1097 1011 1156 si
1104 1139 1108 1148 .
1122 1171 1126 1181 1

170 1177 218 1235 hic
233 1178 304 1235 ordo
318 1178 373 1236 sibi
387 1178 497 1254 placere
512 1177 668 1234 decreverit
682 1184 711 1234 te
725 1178 766 1235 ire
783 1179 813 1234 iu
827 1179 952 1250 exilium,
963 1177 1012 1235 cb·

171 1264 396 1334 temperaturum
413 1264 442 1314 te
459 1275 519 1326 esse
536 1257 615 1314 dicis.
659 1255 726 1313 Non
743 1257 872 1328 referem,
885 1258 916 1314 id
933 1257 1012 1334 quod

171 1335 305 1395 abhorret
319 1357 336 1394 a
351 1337 423 1395 meis
439 1336 575 1407 moribus,
588 1343 617 1394 et
631 1343 727 1392 tamen
742 1336 846 1393 faciam
863 1343 896 1393 ιιι
910 1336 1012 1394 intelli·-

171 1437 222 1494 gas
237 1417 307 1494 quid
319 1416 351 1475 hi
366 1417 402 1474 de
416 1423 445 1475 te
460 1416 592 1474 sentiant.
635 1415 777 1493 Egredere
795 1435 829 1472 ex
846 1415 923 1486 urbe,
937 1415 1013 1474 Cati·

99 1521 106 1536 ·
172 1497 240 1568 lina,
249 1496 338 1555 libers
356 1496 578 1574 rempublicam
596 1503 685 1568 metu,
697 1496 727 1552 in
747 1495 886 1566 exsilium,
898 1496 922 1552 si
938 1495 1012 1554 hanc

160 1595 272 1634 ‘vocem
296 1585 452 1654 exspectas,
472 1576 656 1654 proficiscere.
699 1574 776 1643 Quid
801 1582 852 1646 est,
870 1575 1013 1634 Catilinal

173 1657 276 1734 ecquid
292 1657 436 1714 attendis?
459 1656 563 1734 sequid
583 1655 785 1712 animadvertis
806 1655 910 1713 horum
932 1655 1013 1713 silen-

172 1736 263 1793 tiuml
303 1737 465 1808 Patiuntur,
483 1741 587 1794 tacent
630 1735 709 1804 Quid
730 1741 876 1812 exspectas
893 1735 1014 1792 auctori·

172 1821 261 1873 tatem
271 1814 458 1892 loquentium,
469 1835 591 1893 quorum
600 1814 777 1872 voluntatem
788 1814 941 1872 tacitorum
952 1833 1013 1891 per·
1118 1887 1122 1894 ³

173 1896 277 1972 spicisl
312 1900 358 1952 21.
374 1894 417 1952 At
431 1895 455 1952 si
468 1894 524 1952 hcc
539 1894 616 1951 idem
630 1894 698 1951 huic
712 1893 886 1951 adolescenti
901 1895 1013 1970 optimo

173 1973 206 2031 P.
217 1974 319 2046 Sestio,
331 1975 355 2030 si
366 1974 524 2032 fortissimo
535 1974 596 2030 viro
607 1973 645 2030 M.
657 1973 790 2031 Marcello
802 1972 945 2045 dixissem,
955 1974 1013 2030 iam

173 2053 245 2110 mihi
265 2053 374 2111 consuli
392 2053 448 2110 hoc
467 2053 530 2130 ipso
549 2052 579 2109 in
597 2052 706 2129 templo
725 2053 786 2110 iure
805 2053 917 2130 optimo
937 2072 1014 2110 sena·

173 2139 220 2189 tus
236 2132 295 2189 vim
310 2138 339 2189 et
354 2151 456 2190 manus
472 2132 623 2189 intulisset.
661 2131 750 2189 Dete
767 2139 871 2203 autem,
881 2132 1011 2203 Catilina,

174 2230 240 2268 cum
257 2212 414 2288 quiescunt,
427 2211 567 2289 probant:
588 2229 654 2268 cum
671 2211 828 2286 patiuntur,
839 2211 1013 2270 decernunt}

173 2309 240 2348 cum
258 2297 364 2362 tacent,
376 2290 517 2348 clamant:
539 2309 631 2367 neque
651 2289 683 2346 hi
704 2289 805 2361 solum,
819 2310 941 2367 quorum
959 2291 1014 2348 tibi

173 2370 328 2428 auctoritas
345 2377 388 2428 est
401 2370 533 2427 videlieet
548 2387 618 2440 cara,
631 2369 691 2426 vita
704 2369 848 2440 vilissima,
861 2370 911 2428 sed
927 2370 1014 2427 ctiam

174 2449 216 2506 illi
235 2449 345 2526 equites
363 2449 496 2520 Romani,
510 2448 706 2506 honestissimi
725 2455 811 2526 atque
831 2449 935 2527 optimi
952 2449 1013 2521 viri,

175 2529 318 2606 ceterique
330 2529 480 2587 fortissimi
497 2529 580 2600 cives,
594 2529 643 2605 qui
660 2535 736 2585 stant
750 2524 1013 2599 circum'senatum,

172 2625 297 2684 quorum
310 2615 344 2665 tu
358 2616 387 2666 et
400 2606 591 2687 frequentiam
602 2603 698 2666 ridere
712 2614 741 2666 et
752 2608 846 2666 studia
855 2609 1014 2687 perspicere

175 2692 205 2742 et
217 2705 301 2744 voces
314 2686 410 2762 paullo
425 2695 491 2745 ante
505 2687 637 2746 exaudire
647 2687 779 2765 potuisti.
816 2687 945 2756 Quorum
960 2707 1014 2764 ego

173 2765 223 2822 vix
241 2765 337 2823 abste
356 2767 413 2823 iam
430 2766 481 2824 diu
498 2774 600 2824 manus
619 2786 651 2824 ac
668 2763 725 2825 tela
743 2768 885 2839 contineo,
898 2766 1015 2824 eosdem

174 2843 260 2902 facile
275 2845 424 2916 adducam,
436 2852 469 2902 ut
482 2853 511 2903 te
527 2845 605 2916 haec,
618 2865 693 2923 quae
707 2847 764 2904 iam
779 2847 891 2923 pridem
905 2852 1022 2922 vastare¹

177 2924 281 2996 studes,
293 2924 499 3002 relinquentem
513 2944 603 3002 usque
617 2924 764 3003 adportas
778 2932 993 3002 prosequantur.

176 3041 179 3050 ι
216 3003 269 3061 ΙΧ.
306 3010 352 3062 22.
368 3004 548 3080 Quamquam
564 3004 633 3081 quid
647 3005 767 3082 loquorl
801 3005 842 3062 Te
856 3012 889 3062 ut
903 3004 961 3061 ulla
969 3023 1015 3061 res

176 3081 309 3160 frangat?
328 3090 360 3141 tu
375 3091 408 3141 ut
421 3103 558 3161 umquam
572 3090 601 3140 te
615 3084 757 3162 corrigas?
777 3091 810 3141 tu
824 3091 857 3140 ut
871 3083 957 3140 ullam
971 3082 1015 3139 fu·

176 3178 248 3238 gam¹
257 3163 413 3222 meditaret
432 3170 465 3220 tu
479 3162 653 3220 utensilium
667 3163 795 3238 cogites?
828 3157 950 3221 Utinam
961 3162 1015 3222 tibi
1125 3235 1126 3243 ἵ
