2262 3418
241 135 246 144 ·
321 109 323 112 ’
367 135 627 198 oxr.vn1.,1x.‚
644 134 760 196 §aeae
940 132 990 186 ιιι

146 237 240 296 versia
259 235 338 294 nulla
357 235 436 306 faeti,
453 235 523 293 iuris
543 241 641 294 tamen
665 234 905 314 disceptationem
928 255 989 295 esse
1077 291 1080 297 .

147 316 239 375 voluit
253 323 283 374 et
299 316 326 374 ei
339 314 406 374 lecti
422 315 531 373 iudices
546 315 628 393 isque
642 321 686 374 est
699 317 878 394 praepositus
893 335 990 395 quaes·

147 396 230 467 tioni,
239 396 289 474 qui
302 395 372 453 haec
386 395 461 452 iuste
474 395 673 473 sapienterque
688 396 836 473 disceptet,
848 395 990 474 reliquum

148 483 200 548 est,
216 476 332 547 iudices,
345 481 378 532 ιιι
392 474 464 532 nihil
477 475 535 532 iam
553 494 686 552 quaerere
700 475 779 533 aliud
793 475 920 533 debeatis
934 476 989 534 nisi

148 563 213 613 uter
233 556 290 612 utri
310 555 429 612 insidias
449 555 557 612 fecerit.
600 554 687 623 Quod
706 574 762 632 quo
779 555 893 612 facilius
909 575 991 633 argu·

148 635 254 693 mentis
274 635 435 713 perspicere
458 635 583 712 possitis,
600 653 662 692 rem
682 641 793 712 gestam
813 634 896 694 vobis
919 635 990 692 dum

149 714 272 772 breviter
285 733 408 791 expone,
420 733 534 792 quaeso,
546 713 699 794 diligenter
712 713 860 772 attendite.

190 799 236 852 24.
249 794 283 852 Ρ.
292 793 412 852 Clodius
426 813 492 852 curn
507 794 653 851 statuisset
663 794 743 851 omni
754 793 857 851 scelere
870 792 901 850 in
912 813 991 871 prae-

150 879 214 930 tura
229 893 331 931 vexare
347 892 408 932 rem
424 873 569 951 publicam
586 873 752 951 videretque
768 873 810 931 ita
825 879 916 931 tracta
930 891 990 938 esse

150 952 268 1011 comitia
283 971 359 1010 anno
377 953 529 1030 superiore,
541 959 574 1010 nt
588 971 647 1011 non
664 953 771 1010 multos
787 971 898 1011 menses
912 972 991 1031 prae·

150 1039 244 1090 turam
258 1051 355 1110 gerere
365 1039 471 1110 posset,
484 1032 534 1110 qui
547 1052 606 1090 non
616 1033 734 1108 horroris
748 1033 870 1110 gradum
884 1039 991 1110 specta·

32 1117 35 1124 '
139 1119 201 1183 ret,
216 1118 250 1169 ut
270 1112 364 1184 ceteri,
381 1113 432 1170 sed
453 1118 483 1170 et
503 1111 534 1170 L.
545 1112 678 1170 Paullum
701 1112 840 1190 collegam
865 1113 990 1190 effugere

150 1191 243 1263 vellet,
254 1191 390 1268 singulari
403 1193 509 1250 virtute
523 1192 623 1264 civem,
635 1199 664 1250 et
678 1211 784 1249 annum
796 1193 939 1268 integrum
954 1191 991 1248 ad

151 1271 360 1329 dilacerandam
373 1290 434 1329 rem
448 1271 593 1349 publicam
604 1278 759 1349 quaereret,
770 1270 865 1329 subito
876 1271 991 1349 reliquit

151 1369 258 1408 annum
270 1371 353 1408 suum
368 1371 484 1429 seseque
498 1351 529 1408 in
543 1371 650 1410 annum
660 1351 825 1428 proximum
836 1351 989 1422 transtulit,

151 1449 219 1502 non,
231 1437 264 1488 ut
277 1429 318 1502 fit,
330 1429 467 1508 religione
481 1431 584 1509 aliqua,
597 1430 647 1488 sed
657 1437 690 1498 ut
700 1430 824 1502 haberet,
837 1430 915 1507 quod
929 1431 991 1508 ipse

152 1509 273 1581 dicebat,
285 1511 323 1567 ad
333 1518 494 1587 praeturam
508 1510 671 1587 gerendam,
683 1509 738 1569 hoc
753 1516 804 1582 est,
816 1510 854 1568 ad
867 1516 992 1568 everten-

152 1589 219 1647 dam
235 1609 295 1646 rem
312 1589 465 1666 publicam,
477 1589 595 1667 plenum
611 1609 719 1647 annum
736 1596 821 1667 atque
837 1589 989 1667 integrum.

153 1675 199 1727 25.
222 1668 396 1728 Occurrebat
420 1669 447 1727 ei
470 1687 602 1727 mancam
626 1689 660 1727 ac
683 1669 807 1728 debilem
829 1677 991 1746 praeturam

152 1749 280 1807 futuram
289 1768 369 1807 suam
378 1748 617 1809 eonsuleMilonc:
635 1767 701 1807 eum
708 1767 917 1826 perrosummo
927 1747 995 1806 con·'

153 1847 237 1886 sensu
253 1827 355 1906 populi
371 1828 495 1886 Romani
512 1828 657 1887 consulem
674 1828 735 1886 fieri
751 1828 874 1886 videbat.
917 1828 993 1886 Con·

152 1907 220 1965 tulit
230 1927 260 1966 se
270 1909 308 1965 ad
318 1909 378 1966 eius
389 1907 599 1986 competitores,
610 1908 660 1966 sed
670 1909 718 1981 ita,
728 1915 819 1966 totam
835 1914 868 1966 ιιι
878 1909 993 1984 petitio-

152 2006 219 2045 nem
233 1988 295 2064 ipse
309 1987 386 2044 solus
403 1988 489 2045 etiarn
506 1987 605 2045 inritis
618 1987 674 2044 illis
690 1987 869 2064 gubernaret,
881 1994 944 2045 tota
959 1993 993 2045 nt

153 2067 271 2125 comitia
284 2067 350 2138 suis,
362 2073 395 2124 ut
409 2066 568 2139 dictitabat,
579 2065 706 2124 humeris
723 2067 881 2124 sustineret.
918 2066 993 2124 Gon-

152 2145 273 2204 vocabat
288 2146 388 2217 tribus,
401 2165 430 2204 se
447 2145 655 2223 interponebat,
667 2145 809 2203 Collinam
825 2164 931 2203 novam
951 2147 993 2203 di-

152 2225 227 2283 lectu
242 2225 501 2304 perditissimorum
517 2226 623 2283 civium
638 2224 840 2282 conscribebat.
877 2224 1000 2293 Quanto

153 2304 200 2362 ille
218 2305 300 2382 plura
318 2305 465 2377 miscebat,
481 2312 562 2362 tanto
583 2304 630 2362 hic
650 2305 743 2382 magis
763 2305 793 2361 in
812 2304 873 2362 dies
893 2323 993 2362 conve

153 2383 284 2443 lescebat
319 2383 382 2443 Ubi
395 2385 468 2442 vidit
483 2385 572 2443 homo
592 2385 629 2442 ad
646 2403 731 2442 omne
747 2384 859 2441 facinus
875 2385 993 2461 paratis-

154 2465 243 2521 simus
258 2464 448 2522 fortissimum
465 2464 566 2535 virum,
582 2463 812 2521 inimicissimum
829 2483 921 2535 suum,
937 2483 993 2521 cer·

153 2543 298 2601 tissimum
318 2544 472 2616 consulem,
486 2543 574 2620 idque
594 2542 735 2601 intellexit
753 2562 812 2600 non
829 2543 923 2601 solum
939 2563 994 2600 ser·

153 2623 296 2694 monibus,
308 2623 358 2680 sed
375 2623 462 2681 etiam
483 2623 626 2700 suffragiis
646 2623 748 2701 populi
764 2621 888 2681 Romani
909 2642 993 2701 saepe

154 2721 214 2760 esse
231 2702 413 2773 declaratum,
424 2702 519 2780 palam
536 2721 619 2779 agere
636 2703 732 2781 coepit
746 2709 775 2760 et
788 2709 885 2780 aperte
899 2702 993 2760 dicere

154 2781 343 2840 occidendum
364 2781 509 2840 Milonem.
548 2787 595 2840 26.
613 2781 715 2840 Servos
736 2789 860 2858 agrestes
884 2788 913 2839 et
932 2780 994 2838 bar·

153 2859 245 2933 baros,
258 2862 362 2939 quibus
383 2861 466 2918 silvas
482 2860 611 2938 publicas
627 2860 818 2939 depopulatus
835 2867 895 2919 erat
911 2860 994 2918 Etru·

153 2941 282 3018 riamque
296 2947 419 3012 vexarat,
431 2959 466 2998 ex
479 2940 635 3018 Apennino
653 2941 816 3014 deduxerat,
829 2959 901 3016 quos
917 2940 994 2997 vide-

153 3019 236 3078 batis
279 3020 336 3078 Res
357 3026 417 3078 erat
443 3020 564 3078 minime
589 3019 715 3095 obscura
757 3019 874 3076 Etenim
897 3019 993 3096 palam

154 3099 306 3158 dictitabat
322 3098 501 3157 consulatum
518 3099 620 3156 Miloni
637 3099 709 3176 eripi
725 3117 784 3157 non
800 3096 891 3175 posse,
904 3098 993 3156 vitam

154 3197 245 3254 posse.
288 3177 467 3255 Significavit
491 3179 546 3236 hoc
571 3197 654 3255 saepe
680 3179 711 3235 in
736 3185 844 3252 serutu,
862 3178 936 3235 dixit
961 3178 992 3235 in
1020 3177 1022 3182 ‘
