2262 3418
305 551 353 629 Μ.
375 551 521 617 TULLII
550 550 784 615 CICERONIS

134 704 207 783 PRO
231 705 268 781 A.
292 705 444 810 LICINIO
468 706 622 784 ARCHIA
646 707 775 785 POETA
799 705 955 785 ORATIO.

178 995 448 1048 ARGUMENTUM
465 998 628 1049 VETERIS
649 996 916 1049 ENARRATORIS

142 1094 198 1144 AB
222 1095 256 1146 A.
276 1095 384 1148 MAIO
411 1097 579 1148 EDITUM
606 1097 658 1146 ΕΤ
685 1097 947 1149 SUPPLETUM.

160 1201 195 1252 A.
203 1202 315 1252 Licinius
326 1201 433 1253 Archias
446 1219 472 1254 se
484 1205 573 1254 studiis
584 1205 688 1268 po'eticis
699 1205 795 1254 dedidit
806 1213 832 1255 et
842 1205 962 1268 adprime,

127 1275 156 1316 ut
172 1268 308 1329 ridebatur,
320 1269 437 1318 excelluit
453 1271 480 1318 in
494 1271 541 1318 hoc
556 1285 646 1330 genere
661 1270 809 1320 litteramm.
844 1271 965 1320 Amicitia

127 1332 203 1394 igitur
213 1335 289 1382 etlam
301 1334 360 1382 viris
371 1335 507 1383 illustribus
515 1335 670 1384 familiariter
680 1335 809 1398 copulatus
819 1344 865 1397 est,
873 1345 901 1384 ut
912 1336 964 1398 ipse

127 1399 165 1448 M.
173 1398 270 1447 Tullius
282 1398 306 1445 in
319 1400 437 1448 orationis
448 1400 521 1448 huius
534 1400 676 1449 narratione
688 1400 826 1450 confirmat.
861 1397 964 1448 Interim

127 1463 187 1512 satis
199 1461 269 1526 leupo
284 1462 414 1512 interuallo
430 1480 483 1512 cam
499 1473 561 1513 esset
576 1481 628 1513 cum
641 1464 673 1514 L.
685 1463 789 1513 Lucullo
805 1463 964 1515 insititiam

128 1529 255 1592 profectus
266 1535 290 1576 et
301 1545 352 1576 cant
363 1545 394 1576 ex
404 1545 435 1577 eo
443 1531 568 1590 proviaciu
580 1547 630 1578 cnm
643 1529 723 1578 eodem
732 1529 762 1579 L.
770 1529 874 1578 Lucullo
885 1546 964 1592 reyra-

127 1593 233 1653 deretur,
242 1590 389 1641 Heracleam
402 1593 475 1654 uenit,
485 1609 548 1656 quae
561 1603 620 1643 tuuc
633 1602 686 1644 erat
697 1595 784 1644 civitas
795 1594 929 1654 foederata,
939 1603 964 1643 et

127 1659 247 1720 ascriptus
257 1666 296 1706 est
306 1657 332 1705 iu
343 1657 456 1707 ordinem
468 1659 667 1708 Heracliensium
678 1660 745 1709 civis.
781 1660 853 1708 Tunc
865 1660 963 1709 Silanus

69 1770 79 1792 ‚
127 1731 152 1771 et
164 1723 246 1772 Carbo
260 1737 322 1772 coss.
333 1722 414 1783 legem
425 1723 542 1783 tulerunt,
551 1733 580 1772 ut
591 1739 685 1785 omnes,
692 1725 734 1788 qui
745 1732 827 1774 essent
837 1739 870 1773 ex
881 1725 963 1774 loede-

126 1788 189 1836 ratis
205 1787 309 1851 populis,
321 1787 448 1836 civitatem
465 1789 605 1838 Romanam
620 1798 835 1853 consequerentur,
850 1791 870 1838 si
887 1790 962 1838 modo

127 1853 170 1900 illo
181 1860 300 1916 ternpore,
307 1868 357 1916 qno
368 1853 411 1902 lex
419 1853 471 1902 lata
482 1863 553 1912 esset,
561 1854 714 1902 domicilium
726 1855 751 1903 iu
760 1855 836 1903 Italia
843 1855 963 1904 baberent

127 1927 152 1966 et
162 1918 229 1966 intra
240 1918 307 1967 diem
318 1918 500 1980 sexagesimum
512 1919 614 1981 professi
625 1919 691 1982 apud
701 1929 840 1982 praetorem
849 1920 959 1968 fuissent.

128 1983 200 2043 Quae
214 1998 271 2032 cum
284 1983 381 2032 Licinio
394 1984 502 2032 Archiae
516 1984 549 2032 ad
563 1984 726 2033 obtiueudum
741 1986 779 2033 ius
793 1985 899 2034 civitatis
911 1986 962 2034 Ro-

127 2062 217 2098 manae
231 2057 378 2110 argumenta
390 2049 511 2109 demsent,
521 2049 639 2111 quoniam
652 2064 732 2113 neque
745 2050 836 2099 tabulis
850 2051 962 2099 Heracli-

127 2114 223 2162 ensium
240 2116 343 2177 probnre
359 2123 457 2178 poterat
471 2115 606 2176 ascriptum
623 2129 650 2163 se
665 2115 691 2163 in
708 2115 821 2164 ordinem
837 2115 962 2164 civium-

128 2179 218 2242 quippe
229 2180 378 2228 tabularium
387 2180 493 2228 civitatis
501 2179 590 2228 illiuse
625 2187 702 2228 reerat
711 2180 775 2229 bello
784 2180 907 2240 sociali-,
917 2195 962 2228 nec

127 2243 193 2291 bona
204 2259 249 2293 sua
259 2245 284 2292 in
296 2259 397 2294 censum
405 2245 535 2305 detulerat,
542 2258 599 2293 reus
618 2253 688 2294 actus
700 2253 734 2294 est
743 2245 797 2306 lege
806 2244 892 2308 Papia,
899 2259 962 2308 quae

127 2308 180 2357 lata
189 2309 270 2358 fuerat
281 2309 314 2358 ad
326 2325 368 2358 eos
378 2310 535 2370 coercendos,
544 2309 586 2372 qui
597 2317 690 2359 temere
702 2319 728 2359 et
739 2309 824 2359 illicita
837 2309 961 2358 civitatem
982 2371 986 2379 Ι

128 2373 269 2423 Romanam
281 2384 445 2437 usurpassent.
476 2376 518 2424 Fit
529 2390 589 2436 ergo
600 2383 679 2424 status
690 2375 870 2436 coniecturalis,
879 2389 912 2422 an
923 2390 961 2423 as-

128 2439 220 2502 criptus
237 2439 269 2488 sit
284 2439 311 2486 in
328 2440 440 2489 ordinem
458 2441 656 2490 Heracliensium
672 2449 699 2489 et
715 2455 748 2489 an
764 2440 851 2489 lecerit
867 2441 958 2500 omnia,

128 2504 229 2566 quaeis
246 2503 326 2553 facere
342 2505 463 2566 debuerit,
476 2507 518 2568 qui
535 2514 600 2555 esset
620 2521 634 2555 e
652 2521 755 2554 numero
771 2505 958 2555 foederatorum.

128 2567 163 2617 Et
177 2568 293 2617 deficitur
306 2569 405 2631 quidem
420 2571 503 2618 multis
517 2571 710 2633 probationibus,
721 2571 863 2620 testimonio
878 2579 962 2619 tamen

129 2632 326 2682 Heracliensium
339 2642 365 2682 et
375 2635 414 2683 vel
427 2636 546 2696 maxime,
556 2636 644 2698 quibus
658 2646 712 2685 tuta
725 2645 859 2699 occupatur
871 2636 959 2695 oratio,

128 2698 239 2759 poeticae
252 2698 376 2747 facultatis
389 2709 415 2748 et
427 2699 555 2748 doctrinae
568 2702 759 2751 iucundissimae
772 2701 852 2762 gratia
865 2701 959 2749 nititur.

129 2763 176 2810 Est
186 2763 262 2812 etiam
273 2763 365 2812 omissa
375 2765 516 2812 coniectura
523 2765 668 2828 disceptatio
677 2783 720 2830 per
731 2768 811 2830 ipsam
819 2765 963 2831 qualitatem

128 2841 255 2888 personae,
264 2837 291 2876 ut
301 2828 362 2876 civis
371 2829 498 2877 Romanm
506 2829 595 2878 debeat
605 2832 725 2894 adoptari,
735 2832 811 2881 etiarn
824 2831 845 2880 si
856 2831 881 2879 in
893 2845 963 2894 praa-

129 2893 232 2940 teritum
246 2907 297 2940 non
312 2893 345 2941 sit
357 2893 457 2942 ascitus.
493 2893 623 2956 [Ceterum
637 2897 704 2945 idem
716 2906 844 2946 enarrator
858 2896 891 2945 ad
904 2899 961 2955 αἳ,

130 2955 144 3012 5
161 2959 185 3017 3,
194 2957 297 3006 adnotat
313 2957 345 3018 Q.
355 2957 499 3006 Ciceronem
515 2959 616 3008 fratrem
633 2962 670 3011 M.
680 2961 756 3010 Tullii
773 2962 878 3011 oratoris
893 2961 965 3010 illum

129 3020 205 3069 fuisse
215 3030 362 3084 praetorem,
370 3022 435 3084 apud
447 3036 521 3084 quem
534 3023 595 3073 baec
608 3026 692 3075 habita
705 3027 785 3076 oratio
798 3028 838 3086 sit,
845 3026 909 3076 conf.
918 3026 965 3074 eti-

129 3099 171 3132 am
178 3085 304 3134 Ciceronis
313 3086 383 3148 epist.
391 3085 427 3133 od
434 3086 462 3142 tl.
462 3087 572 3148 fratrem
580 3088 620 3138 lib.
629 3091 680 3141 111.
687 3105 726 3155 ep.
733 3093 757 3153 6,
765 3090 779 3152 §
788 3095 811 3155 9,
819 3092 965 3156 videturque
975 3143 980 3152 ,

129 3150 163 3198 A
172 3149 283 3200 Licinius
291 3150 397 3200 Archias
408 3151 535 3201 absolutus
546 3152 623 3216 essa]
