2240 3418
115 119 164 168 276
186 115 226 166 ΙΝ
242 117 280 166 M.
295 115 490 166 ANTONIUM
502 115 637 167 ORATIO
650 114 863 166 PHILIPPICA
874 113 950 166 XIV.

116 238 191 290 vero,
200 237 285 296 quam
300 218 337 276 sit
347 237 381 276 ea
393 237 445 290 res,
454 237 539 296 quam
554 217 716 276 avidissime
729 217 829 275 civitas
842 236 954 294 exspec-

116 293 168 369 tat,
180 297 281 369 adlata,
293 297 403 356 laetitia
418 298 477 355 frui
493 298 562 355 satis
578 304 621 355 est
636 297 777 355 maximae
793 296 955 375 praeclaris-

117 377 269 454 simaeque,
282 395 415 455 pugnae:
437 377 562 435 reditum
586 377 624 435 ad
646 377 783 435 restitum
805 376 954 435 confectae

118 456 252 514 victoriae
266 463 412 515 reservate.
454 456 607 514 Confectio
621 459 717 514 autem
731 455 817 514 huius
829 455 897 513 belli
910 463 955 514 est

117 536 154 594 D.
163 535 248 594 Bruti
264 536 347 596 salus.
389 543 416 595 2.
426 535 506 606 Quae
522 543 618 594 autam
635 542 679 610 est
691 536 747 593 iste
762 535 911 606 sententia,
921 543 955 594 nt
971 591 978 602 ,

117 616 148 674 in
165 615 337 674 hodiernum
351 615 428 674 diem
442 616 561 674 vestitus
573 622 709 688 mutetur,
721 614 825 673 deiude
839 634 900 673 eras
913 635 956 673 sa-
1005 677 1009 684 ,

117 695 179 773 gati
192 695 378 773 prodeamusl
409 695 471 756 Nos
480 715 547 754 vero
561 715 627 754 cum
641 695 728 753 semel
738 695 776 753 ad
786 714 954 772 eum,quem

118 776 250 852 cupimus
273 782 471 854 optamusque,
485 775 622 834 vestitum
648 775 822 846 redierimus,
840 774 872 832 id
891 794 956 852 aga-

117 862 235 926 mus‚ut
255 856 321 914 eum
342 856 563 934 inperpetuum
583 855 763 913 retineamus.
805 854 881 932 Nam
899 854 955 912 hoc

35 953 37 958 ·
119 934 235 1012 quidem
249 955 315 993 cum
326 942 409 1013 turpe
422 943 466 994 est
476 941 539 992 tum
552 953 589 992 ne
603 934 648 992 dis
662 933 778 1012 quidem
789 933 956 1016 immortali-

117 1013 172 1072 bus
185 1021 307 1093 gratum,
315 1015 351 1073 ab
365 1034 464 1086 eornm
478 1014 542 1086 aris,
551 1014 589 1072 ad
602 1023 673 1092 quas
685 1014 778 1092 togati
792 1014 954 1086 adierimus,
1012 1077 1018 1088 ,

118 1094 156 1152 ad
169 1114 237 1172 saga
250 1095 388 1170 sumenda
404 1094 556 1153 discedere.
599 1101 625 1152 3.
637 1093 735 1172 Atque
749 1094 954 1167 animadverto,

118 1181 213 1251 patres
226 1173 402 1253 conscripti,
418 1174 557 1253 quosdam
581 1173 649 1232 huic
672 1174 767 1232 favere
789 1173 970 1246 sententiae,

119 1273 241 1330 quorum
252 1273 287 1312 ea
296 1274 377 1314 mens
390 1254 477 1332 idque
491 1253 643 1312 consilium
655 1255 708 1325 est,
720 1261 753 1312 ut
763 1272 829 1311 cum
840 1252 957 1312 videant

117 1333 353 1410 gloriosissimum
365 1334 446 1392 illum
456 1333 494 1392 D.
502 1333 595 1393 Bruto
605 1334 736 1392 futurum
747 1332 833 1404 diem,
859 1352 898 1391 no
909 1332 956 1392 die

117 1421 237 1491 propter
252 1415 320 1490 eius,
329 1414 448 1473 salutem
462 1413 630 1472 redierimus
644 1407 695 1488 [ad
709 1352 868 1490 vestitumi‚
879 1411 957 1472 hunc

118 1493 145 1550 ei
158 1493 285 1551 fructum
303 1494 410 1572 eripere
426 1493 552 1570 cupiant,
564 1512 601 1552 ne
616 1493 771 1551 memoriae
785 1492 957 1570 posteritati·

81 1577 83 1582 ’
118 1591 174 1650 que
183 1574 322 1651 prodatur
335 1580 453 1652 propter
466 1573 551 1631 unius
564 1572 635 1631 ciris
644 1572 802 1650 pericnlum
815 1572 956 1650 populum

118 1651 281 1710 Romanurn
298 1653 335 1711 ad
349 1673 417 1732 saga
429 1654 493 1725 isse,
502 1661 621 1732 propter
637 1653 765 1712 eiusdem
782 1651 903 1722 salutem
916 1672 957 1711 re

118 1731 193 1790 disse
213 1732 251 1790 ad
271 1739 362 1810 togas.
403 1733 509 1792 Tollite
529 1733 622 1792 hanc:
645 1732 753 1791 nullam
773 1739 835 1790 tam
854 1751 957 1810 pravae

118 1812 275 1870 sententiae
291 1831 406 1870 causam
422 1813 577 1890 reperietis.
612 1812 676 1873 Vos
690 1831 767 1884 vere,
778 1819 874 1890 patres
892 1831 958 1870 con-

11 1923 12 1928 κ
118 1891 226 1968 scripti,
237 1899 403 1950 conservate
422 1893 622 1952 anctoritatem
645 1899 776 1964 vestram,
791 1898 904 1950 manete
925 1892 957 1949 iu

118 1971 267 2044 sententia,
282 1978 378 2030 tenete
395 1980 488 2031 vestra
507 1973 655 2045 memoria,
667 1972 746 2050 quod
762 1991 846 2050 saepe
864 1979 958 2030 osten·

118 2050 209 2123 distis,
225 2050 310 2110 huius
329 2052 420 2111 totius
439 2052 507 2111 belli
527 2052 558 2110 in
579 2053 664 2112 unius
683 2052 738 2111 viri
758 2051 907 2111 fortissimi
928 2058 958 2110 et

118 2131 237 2189 maximi
251 2132 310 2190 vita
323 2132 451 2210 positum
465 2151 526 2191 esse
539 2133 701 2191 discrimen.
743 2130 782 2190 II.
814 2136 840 2190 4.
858 2131 906 2189 Ad
918 2130 956 2190 D.

118 2209 243 2269 Brutum
259 2211 437 2270 liberandum
454 2212 542 2290 legati
562 2213 642 2270 missi
663 2211 807 2290 principes
824 2211 957 2283 civitatis,

13 2335 14 2340 1
120 2290 169 2366 qui
183 2290 225 2349 illi
238 2290 316 2350 hosti
330 2311 363 2350 ac
376 2292 534 2370 parricidae
548 2291 757 2363 denuntiarent,
768 2299 802 2350 ut
816 2309 833 2349 a
846 2291 960 2349 Mutina

119 2369 294 2430 discederet:
315 2372 443 2430 eiusdem
453 2372 491 2431 D.
500 2372 584 2431 Bmti
595 2371 781 2431 conservandi
791 2371 883 2449 gratia
893 2390 959 2429 con·

14 2471 15 2512 1
120 2448 164 2507 sul
181 2450 284 2513 sortitu
300 2451 338 2509 ad
350 2451 457 2510 bellum
470 2453 618 2530 profectus
634 2452 671 2512 A.
679 2451 801 2524 Hirtius,
810 2451 892 2509 euius
907 2451 959 2509 irn-
1107 2517 1108 2528 ,

14 2533 15 2569 l
120 2528 304 2588 becillitatem
315 2531 486 2590 valetudinis
500 2533 589 2590 animi
603 2531 692 2590 virtus
706 2537 735 2590 et
749 2549 814 2609 spes
824 2530 959 2588 victoriae
1032 2587 1037 2594 ,

62 2621 65 2626 ·
120 2608 316 2668 confirmavit:
337 2610 449 2683 Caesar,
461 2631 526 2670 cum
543 2613 668 2671 exercitu
682 2629 733 2688 per
747 2629 777 2669 se
793 2616 959 2688 comparato

15 2695 17 2720 ³
120 2688 216 2765 †cum
237 2689 339 2766 pslmis
358 2690 488 2768 pestibus
508 2711 569 2750 rem
589 2691 733 2771 publicam
753 2691 907 2761 liberasset,
922 2707 959 2748 ue

16 2827 17 2832 ,
122 2768 192 2844 quid
229 2775 309 2827 ostea
328 2769 441 2828 sceleris
457 2779 591 2844 oreretur,
603 2771 750 2849 profectus
770 2777 813 2829 c'st
829 2769 866 2828 ad
882 2787 960 2827 eum·

16 2837 17 2860 ¹
121 2847 188 2904 dem
205 2787 329 2905 drumm
345 2848 524 2908 liberandum
541 2851 667 2929 vicitque
687 2849 816 2908 dolorem
834 2849 959 2927 aliquem

122 2925 311 2984 domesticum
326 2928 435 3004 patriae
449 2931 580 2988 caritate·
617 2937 643 2988 5.
659 2929 737 3000 Quid
750 2929 783 2988 Ο.
792 2929 887 2987 Pansa
899 2929 961 3006 egit

17 3031 18 3072 ι
117 3003 200 3062 aliud
214 3004 365 3064 dilectibus
379 3006 526 3080 habendis,
536 3010 658 3087 pecunia
670 3009 871 3087 comparanda,
882 3027 961 3066 sena·

121 3089 169 3140 tus
179 3083 316 3141 consultis
326 3085 465 3143 faciendis
474 3087 962 3164 grarimimisinAntoniumuobis
982 3133 1001 3152 ..

118 3159 314 3235 cohortandis,
325 3164 434 3241 populo
444 3165 577 3225 Romano
590 3167 628 3226 ad
638 3185 752 3226 causam
765 3165 905 3226 libertatis
912 3184 961 3225 ro
