2240 3418
112 131 162 179 aas
189 130 229 179 m
245 129 283 179 u.
297 127 493 179 auromnu
509 127 644 178 onemo
660 104 872 177 Parammon
888 127 924 178 n.

111 229 265 308 perficiam,
276 236 308 286 ut
318 228 461 306 intelligat
471 233 610 306 quantum
622 247 695 285 ame
708 226 878 285 beneficium
889 225 956 285 tum

112 309 259 385 acceperit
302 307 354 366 IV.
373 307 416 365 At
436 308 523 366 etiam
543 307 659 378 litteras,
672 326 742 385 quas
761 326 809 364 me
828 306 883 365 sibi
901 308 953 365 mi-

112 389 181 446 sisse
196 388 309 459 diceret,
320 388 450 445 recitavit
464 387 552 444 homo
567 394 596 444 et
609 386 796 444 humanitatis
810 406 910 465 expers
924 394 957 444 et

111 469 187 525 vitae
208 467 369 524 communis
385 468 508 544 ignarus
551 465 623 534 Quis
643 467 720 524 enim
741 485 887 544 umquam,
903 467 954 544 qui

111 547 239 626 paullum
252 546 342 618 modo
355 546 498 604 bonorum
512 545 749 604 consuetudinem
763 553 867 617 nosset,
879 546 959 604 litte·

111 647 157 684 ras
167 627 204 684 ed
215 645 244 684 se
253 626 289 683 ab
298 627 391 683 amico
401 626 501 683 missas
512 625 671 683 offensione
681 624 777 702 aliqua
784 627 959 703 interposita·

112 707 143 764 in
163 706 291 764 medium
312 705 434 784 protulit
454 705 606 783 palamque
626 705 776 763 recitavitl
815 704 894 774 Quid
910 713 955 764 est

112 786 191 844 aliud
206 786 305 843 tollere
326 805 361 843 cx
381 785 441 842 vita
457 785 532 842 vitae
547 785 722 856 societatem,
733 784 833 842 tollere
849 785 956 842 amico·

112 885 176 924 rum
190 865 334 943 colloquia
347 864 528 923 absentiuml
568 863 662 933 Quam
678 864 771 922 multa
784 865 847 922 ioca
860 865 956 922 solent

113 965 173 1004 esse
189 946 220 1002 in
237 944 373 1022 epistolis,
384 963 457 1022 quae
473 943 586 1022 prolata
605 944 630 1001 si
648 944 714 1016 sint,
726 945 826 1022 inepta
840 944 956 1001 videan-

113 1026 175 1083 tur!
197 1044 283 1102 quam
303 1024 395 1082 multa
413 1024 493 1095 seria,
505 1043 598 1101 neque
616 1030 713 1081 tamen
733 1024 791 1081 ullo
807 1024 896 1081 modo
913 1024 957 1080 di-

113 1105 273 1182 vulganda!
316 1110 342 1162 8.
358 1103 404 1162 Sit
417 1103 474 1161 hoc
488 1104 723 1162 inhumanitatis:
746 1102 898 1161 stultitiam
912 1104 958 1161 in-

113 1185 278 1243 credibilem
294 1183 397 1242 videte
439 1183 518 1252 Quid
530 1183 620 1241 habes
633 1183 712 1260 quod
725 1183 799 1240 mihi
814 1201 954 1261 opponas,

112 1264 201 1323 homo
216 1265 329 1335 diserte,
340 1272 374 1322 ut
384 1263 523 1322 Mustelae
537 1271 566 1321 et
576 1263 677 1320 'lironi
691 1281 751 1322 esse
762 1262 883 1320 viderisl
904 1264 956 1340 qui

113 1364 179 1402 eum
193 1343 248 1402 hoc
262 1345 326 1422 ipso
336 1351 466 1421 tempore
480 1349 557 1401 stent
567 1362 633 1400 cum
644 1341 747 1420 gladiis
757 1343 788 1399 in
799 1349 957 1420 conspectu

114 1431 235 1495 senatus,
245 1443 300 1502 ego
311 1442 425 1502 quoque
437 1430 467 1481 te
481 1423 620 1480 disertum
634 1421 751 1500 putabo,
762 1423 787 1479 si
796 1421 957 1480 ostenderis

114 1524 172 1582 quo
182 1505 270 1562 modo
284 1504 323 1560 sis
333 1522 383 1561 eos
395 1503 471 1560 inter
481 1503 596 1561 sicarios
606 1501 783 1560 defensurus
816 1501 873 1560 Sed
884 1503 957 1580 quid

114 1603 244 1662 opponas
264 1583 426 1655 tandem,si
443 1601 545 1660 negem
564 1601 611 1640 me
629 1601 767 1659 umquam
786 1581 824 1640 ad
839 1588 869 1640 te
885 1582 963 1639 istas'

113 1663 223 1722 litteras
238 1663 368 1720 misisset
393 1681 451 1740 quo
466 1682 514 1720 me
529 1669 603 1720 teste
619 1662 791 1720 convincasl
831 1661 880 1719 An
897 1661 957 1719 chi-

113 1742 273 1820 rographol
293 1743 324 1799 in
335 1761 392 1819 quo
401 1741 489 1799 habes
499 1742 647 1800 scientiam
657 1748 867 1819 quaestuosum.
897 1741 962 1810 Qui.

114 1823 224 1900 possisl
257 1821 332 1879 Sunt
348 1822 426 1879 enim
439 1821 547 1879 librarii
560 1840 655 1879 manu
692 1821 754 1878 Iam
768 1821 883 1880 invideo
897 1841 958 1879 ma-

114 1903 204 1980 gistro
220 1908 280 1972 tuo,
293 1901 344 1979 qni
359 1908 390 1958 te
404 1908 488 1959 tanta
501 1902 641 1972 mercede,
653 1908 791 1979 quantam
812 1901 871 1959 iam
891 1920 958 1980 pro-

114 1982 213 2052 feram,
225 1980 298 2038 nihil
314 2000 413 2059 sapere
426 1981 536 2040 doceat
579 1987 606 2039 9.
619 1980 700 2050 ,Quid
714 1982 790 2039 enim
802 1988 846 2039 est
858 1982 962 2039 minus

114 2081 173 2120 non
189 2062 256 2119 dico
273 2061 401 2133 oratoris,
413 2061 464 2119 sed
479 2061 606 2119 hominis
623 2081 709 2139 quam
726 2061 757 2120 id
772 2061 894 2120 obiicere
908 2063 958 2120 ad-

115 2141 245 2213 versario,
258 2141 337 2218 quod
353 2141 400 2198 ille
417 2142 442 2199 si
457 2141 545 2199 verbo
561 2141 673 2219 negarit
689 2142 805 2220 longius
820 2143 957 2221 progredi

115 2239 174 2279 non
190 2222 283 2299 possit
300 2220 351 2299 qni
367 2221 521 2278 obieceritl
561 2220 604 2279 At
620 2240 675 2299 ego
694 2241 753 2280 non
774 2241 858 2300 nego,
869 2229 957 2300 teque

115 2302 146 2358 in
162 2302 219 2360 isto
235 2303 299 2379 ipso
319 2301 459 2358 convinco
475 2319 535 2358 non
551 2301 770 2361 inhumanitatis
789 2301 890 2373 solum,
905 2303 957 2360 sed

116 2381 202 2440 etiam
217 2383 364 2439 amentiae.
406 2378 493 2449 Quod
506 2381 584 2438 enim
598 2381 717 2440 verbum
731 2383 762 2439 in
776 2383 839 2440 istis
852 2381 961 2440 litteris-

116 2468 160 2518 est
179 2480 238 2517 non
259 2460 377 2538 plenum
400 2459 596 2533 humanitatis,
612 2461 707 2533 officii,
723 2461 957 2520 benevolentiae?

116 2540 210 2599 Omne
225 2546 322 2598 autem
339 2540 446 2597 crimen
460 2548 544 2599 tuum
558 2548 610 2614 est,
622 2542 701 2620 quod
715 2542 751 2600 de
765 2548 794 2599 te
808 2542 838 2599 in
853 2541 898 2598 lris
912 2541 957 2598 lit

116 2620 185 2678 teris
204 2639 264 2678 non
283 2619 357 2678 male
378 2620 549 2693 existimem,
564 2621 643 2699 quod
664 2621 786 2679 scribam
807 2627 956 2698 tamquam

116 2699 154 2757 ad
170 2700 270 2771 civem,
278 2706 427 2777 tamquam
444 2701 481 2758 ad
497 2701 606 2759 bonum
620 2701 722 2772 virum,
734 2719 793 2758 non
807 2707 956 2778 tamquam

117 2779 155 2834 ad
168 2777 334 2835 sceleratum
348 2787 377 2836 et
388 2779 535 2838 latronem.
571 2779 614 2838 At
629 2799 684 2857 ego
698 2787 762 2839 tuas
776 2781 891 2851 litteras,
901 2780 956 2837 etsi

116 2857 177 2912 iure
198 2863 329 2933 poteram
349 2876 367 2913 a
386 2864 415 2914 te
432 2857 584 2928 lacessitus,
596 2865 693 2917 tamen
713 2878 772 2916 non
793 2860 955 2937 proferam:

118 2933 221 3008 quibus
237 2937 311 3010 petis
327 2942 360 2992 ut
375 2935 429 2993 tibi
446 2955 497 3012 per
516 2957 563 2994 me
579 2936 663 2994 liceat
684 2939 838 3014 quemdam
855 2939 891 2996 de
910 2958 957 2995 ex-

117 3011 181 3067 silio
201 3014 342 3084 reducere,
354 3013 522 3090 adiurasque
538 3015 570 3071 id
589 3023 619 3073 te
639 3017 731 3074 invito
751 3036 798 3074 me
815 3036 874 3074 non
894 3037 962 3075 esse·

117 3089 269 3160 facturum,
281 3091 398 3167 idquea
414 3111 460 3148 me
477 3093 620 3168 impetras„
662 3094 740 3163 Quid
757 3096 833 3152 enim
851 3116 897 3153 me
914 3097 957 3153 in-

116 3172 296 3243 terponerem
320 3169 454 3226 audaciae
480 3177 554 3243 tuae,
575 3191 660 3248 quam
684 3193 777 3251 neque
800 3176 962 3244 auctoritas,
