2240 3418
400 119 771 183 CAP.V11.·-1x.,§m2a
793 117 811 168 ’.
961 125 1012 176 ιιι.

168 225 293 284 vinciam
307 243 394 283 unam
409 243 443 282 ex
457 222 591 280 omnibus
605 223 671 280 huio
682 211 817 282 vietoriae
829 223 954 282 maxime
967 225 1010 282 in-

169 305 302 377 festam,
294 324 325 362 m
343 323 400 381 qua
415 310 476 362 erat
491 323 540 361 rex
556 303 799 380 potentissimus
792 303 937 361 mimicus·
934 303 1008 363 ·huio
1080 310 1082 313 ’

169 405 277 458 oausae,
290 385 382 442 aliena
396 384 526 441 voluntas
543 389 665 440 convent
667 403 700 440 us
653 381 831 440 tfirmit
802 403 819 440 a
819 373 888 460 tqde
901 385 1006 461 magni.

170 465 300 534 Quaero,
326 463 397 542 quid
413 463 518 521 facturi
536 462 651 523 fuistisl
675 481 848 540 quamquam
866 464 936 540 qnid
952 465 1009 522 fae·
1062 491 1065 494 ·

169 545 227 603 turi
250 545 363 603 fueritis
387 542 526 612 dubitem,
545 561 610 598 oum
635 541 746 599 videam
772 542 842 618 quid
865 543 1009 602 feceritis?

170 625 314 683 Prohibiti
331 624 399 682 estis
417 624 448 680 in
464 621 612 700 provincia
627 628 720 679 vestra
736 621 839 698 pedem
853 641 959 698 ponere
980 632 1009 682 et
1085 683 1088 688 ,

169 693 308 782 prohibiti
322 724 435 763 summa
448 722 515 760 oum
528 701 639 759 iniuria
676 707 724 759 25.
739 700 804 769 Quo
818 702 907 759 modo
921 702 952 760 id
965 710 1009 761 tu·

142 831 150 844 .
168 784 260 843 listisl
281 792 413 863 receptae
429 783 549 841 iniuriae
566 771 719 858 querellam
737 781 875 858 adquam
894 782 1009 840 detulis

169 865 225 922 tisl
266 864 377 942 Nempe
398 864 435 922 ad
456 863 627 934 eumenius
648 861 848 918 auctoritatem
869 863 985 919 seouti'
977 881 1008 919 ιιι

169 944 333 1002 societatem
350 944 418 1002 belli
434 941 582 1002 veneratis.
625 940 753 1009 Quod
732 960 757 998 ιι
777 940 904 999 Caesaris
925 961 1009 1000 eausa

169 1023 199 1080 in
223 1025 400 1117 provinciam
423 1022 588 1094 veniebatis,
604 1021 641 1080 ad
663 1040 730 1078 eum
750 1015 881 1098 profecto
902 1021 1009 1079 exclusi

168 1105 315 1180 provincia
327 1104 483 1162 venissetis.
515 1102 645 1160 Venistis
659 1101 695 1158 ad
710 1100 892 1177 Pompeium.
928 1099 1009 1170 Quae

169 1191 212 1242 est
226 1203 293 1261 ergo
307 1183 393 1276 apud.
395 1183 544 1241 Caesarem
559 1180 766 1259 querellarum
780 1199 847 1238 eum
861 1182 1007 1253 accusetis,

169 1282 254 1340 aquo
269 1264 426 1341 queramini
418 1261 598 1340 prohibitos
612 1281 672 1319 esse
681 1280 734 1318 vos
747 1267 848 1318 eontra
858 1257 1008 1318 Caesarem

75 1398 78 1408 ,
167 1361 264 1420 gerere
277 1342 403 1401 belluml
436 1343 556 1420 Atque
548 1361 579 1399 ιιι
592 1341 648 1399 hoo
662 1341 779 1419 quidem
790 1340 835 1398 vel
849 1359 915 1398 cum
930 1359 1008 1398 men-

168 1423 295 1494 daoio,s1
311 1423 405 1494 vultis,
417 1421 581 1499 gloriemini
600 1441 652 1498 por
670 1439 728 1478 me
723 1421 810 1492 lieet,
822 1439 874 1478 vos
893 1420 1009 1497 provin

167 1503 241 1563 eiam
257 1503 346 1560 fuisse
363 1502 476 1560 Caesari
492 1501 655 1559 tradituros
694 1501 829 1558 Etiam
807 1520 832 1558 ιι
851 1499 960 1558 aVaro
977 1507 1007 1558 et
1052 1531 1057 1542 ·

167 1601 185 1638 a
198 1582 367 1659 quibusdam
385 1583 447 1639 aliis
463 1580 603 1658 prohibiti
620 1580 696 1652 estis,
708 1599 762 1656 ego
776 1587 873 1638 tamen
890 1579 1008 1638 confite-

112 1681 116 1688 ·
167 1661 220 1719 bor
237 1662 349 1739 eulpam
367 1681 427 1720 esse
443 1661 558 1738 Ligarii,
569 1661 619 1738 qui
635 1679 686 1717 vos
704 1667 801 1718 tantae
816 1660 910 1718 laudis
927 1679 1007 1718 ooea-

167 1742 246 1799 sione
259 1742 420 1818 privaverit.
463 1740 516 1798 IX.
549 1747 595 1798 26.
612 1739 669 1798 Sed
683 1740 756 1812 vide,
769 1759 881 1818 quaeso,
892 1740 1007 1812 Caesar,

167 1821 357 1879 constantiam
372 1821 546 1878 ornatissimi
556 1820 610 1878 viri
625 1819 656 1878 L.
664 1820 831 1892 Tuberonis,
843 1840 928 1898 quam
940 1840 1003 1898 ego,

108 1895 113 1904 ’
167 1901 297 1978 quamvis
317 1902 379 1978 ipse
399 1901 557 1978 probarem,
570 1906 603 1958 ut
623 1899 723 1977 probo,
735 1906 832 1958 tamen
852 1921 912 1958 non
928 1920 1006 1959 eom-¹

57 1999 63 2008 ·
166 1997 361 2052 memorarem,
377 1981 433 2039 nisi
457 2001 474 2038 a
493 1987 523 2038 te
545 1981 743 2056 cognovissem
765 1980 919 2057 inprimis
941 1999 1004 2040 eam

166 2061 301 2119 virtutem
318 2061 407 2118 solere
425 2059 541 2118 laudari.
584 2059 664 2128 Quae
681 2060 739 2118 fuit
757 2060 847 2136 igitur
866 2059 1010 2137 umquam*

166 2140 196 2198 in
210 2140 269 2198 ullo
283 2140 400 2198 homine
414 2147 494 2198 tanta
514 2140 692 2212 constantial
712 2139 903 2197 constentiam
920 2141 985 2198 dioo
994 2142 1009 2199 1.-

166 2220 261 2278 neseio
276 2240 312 2278 an
326 2220 428 2278 melius
442 2219 611 2297 patientiam
625 2219 733 2296 possim
748 2218 849 2277 dicere.
891 2218 1013 2287 Quotus

165 2300 242 2358 enim
263 2300 342 2358 istud
363 2301 482 2377 quisque
502 2299 624 2370 fecisset,
604 2305 677 2371 t,ut
689 2318 707 2356 a
723 2297 854 2375 quibus
846 2318 878 2355 ιιι
898 2298 1006 2357 dissen-

166 2380 246 2437 sione
262 2379 338 2436 civili
355 2399 414 2437 non
431 2386 505 2437 esset
520 2385 658 2456 receptus,
670 2385 744 2436 esset
758 2378 844 2435 etiam
861 2397 927 2435 oum
944 2398 1005 2436 oru-

166 2458 283 2517 delitate
299 2453 428 2531 reiectus,
440 2459 477 2517 ad
491 2477 540 2516 eos
553 2459 631 2550 ipsos
644 2458 765 2516 rediretl
800 2457 899 2534 Magni
913 2459 1006 2516 ouius-
1056 2482 1059 2487 ·

165 2535 233 2596 darn
256 2539 345 2596 animi
369 2545 455 2631 atque
479 2538 539 2596 eius
560 2538 613 2595 viri
637 2545 687 2609 est,
704 2557 788 2615 quem
813 2537 849 2595 de
874 2547 1005 2616 suscepta

167 2637 251 2676 eausa
264 2619 475 2696 propositaque
485 2617 626 2676 sententia
641 2583 720 2675 nulla
733 2618 914 2690 contumelia,
926 2618 1007 2676 nulla

165 2698 216 2770 vis,
228 2699 338 2756 nullum
332 2698 510 2791 ,perieulum
521 2697 612 2774 possit
623 2696 770 2776 depellere.
807 2696 853 2755 27.
866 2697 910 2756 Ut
927 2698 1006 2755 enim

166 2785 259 2835 cetera
279 2778 359 2856 paria
371 2778 516 2836 Tuberoni
530 2796 597 2835 eum
607 2777 685 2836 Varo
698 2771 821 2840 fuissent
822 2777 943 2848 ‚honos
955 2796 1005 2834 no

165 2856 268 2930 bilitas,
279 2857 439 2935 splendor,
431 2857 587 2934 ingenium,
597 2875 669 2933 quae
683 2875 863 2948 nequaquam
876 2857 1003 2928 fuemnt,

165 2935 220 2994 hoe
235 2945 310 2995 certe
320 2938 505 3014 praecipuum
515 2935 675 2994 Tuberonis
685 2936 750 3006 fuit,
762 2934 857 3012 qnod
850 2942 926 2993 msto
937 2955 1007 2993 oum.

165 3015 288 3094 imperio
304 3037 339 3074 ex
355 3024 434 3078 senat
435 3036 469 3073 us
422 3015 637 3074 toonsulto
630 3035 659 3072 m
673 3013 850 3092 provinciam
865 3033 944 3071 suam
959 3035 1005 3073 ve·

165 3104 253 3155 nerat.
295 3096 373 3155 Hino
387 3096 549 3188 prohibitus
563 3115 621 3152 non
633 3095 673 3152 ad
686 3094 843 3166 Caesarem,
855 3113 891 3178 ne
905 3095 1008 3166 iratus,

71 3223 74 3228 .
165 3193 225 3241 non
242 3176 588 3248 domum,no1ners,non
608 3175 639 3232 in
659 3173 784 3252 aliquam
800 3169 955 3252 regionem,
967 3193 1010 3234 na
