2270 3422
126 104 174 152 104
323 103 394 155 PRO
410 103 441 153 L.
454 101 610 154 MURENA
626 101 769 154 ORATIO.

125 220 184 260 uon
198 201 294 274 fuisse,
304 203 360 260 nisi
373 203 454 280 prius
467 203 504 262 de
517 222 605 262 causa
616 202 775 274 iudicasset,
788 202 916 280 iniquam
929 203 970 262 le·

125 301 200 359 gam,
212 281 328 354 iudices,
340 290 370 341 et
386 283 518 340 miseram
535 283 734 341 condicionem
751 283 883 352 instituet
895 283 969 361 peri-

125 360 197 418 culis
216 361 376 434 hominum,
394 362 419 421 si
439 363 614 422 existimabit
633 362 773 420 iudicium
797 363 969 420 accusatoris

125 441 156 498 in
171 461 250 499 reum
264 461 317 518 pro
331 442 427 519 aliquo
441 442 617 520 praeiudicio
631 442 723 500 valere
737 449 876 520 oportere.

165 520 280 579 XXIX.
303 521 366 599 Ego
380 529 463 579 tuum
478 522 638 594 consilium,
648 521 730 592 Cato,
741 529 860 600 propter
873 522 969 599 singu-

125 599 183 659 lare
203 601 292 658 animi
312 601 370 659 mei
390 601 427 660 de
446 609 498 661 tua
517 602 622 660 virtute
642 601 790 674 iudicium,
808 602 968 680 vituperare

127 674 198 754 [non
214 679 363 759 possum]:
384 701 444 740 non
460 681 539 739 nulla
553 682 675 740 forsitan
692 682 872 740 conformare
889 689 918 740 et
931 681 969 739 le·

125 761 199 819 viter
219 761 369 820 emendare
390 762 507 839 possim.
548 761 620 818 Noa
641 762 735 818 multa
750 757 857 835 peccas,
873 761 969 840 inquit

125 839 174 898 ille
189 841 349 898 fortissimo
366 840 427 900 viro
444 841 539 899 senior
554 842 698 919 magister,
714 842 769 913 secl,
784 842 810 898 si
820 860 927 915 peccas,
944 849 969 898 te

125 939 216 992 regere
234 939 361 994 meacm.
409 920 452 980 At
476 941 530 998 ego
557 941 653 980 nonne
677 921 822 979 verissime
846 921 967 979 dixerim

125 1018 242 1077 peccare
255 1005 285 1058 te
299 999 371 1058 nihil
386 1020 478 1079 neque
495 1001 553 1058 ulla
566 1002 596 1059 in
611 1021 641 1059 re
655 1008 684 1060 te
701 1020 761 1059 esse
775 1001 860 1058 huius
877 1001 966 1072 modi,

125 1086 159 1136 ut
172 1078 356 1156 corrigendus
372 1081 470 1158 potius
487 1101 573 1160 quam
586 1081 686 1140 leviter
702 1080 891 1140 inflectendus
907 1100 968 1138 esse

126 1159 256 1218 videare?
290 1159 388 1219 Finxit
401 1161 478 1218 eninr
492 1169 522 1219 te
535 1162 599 1238 ipsa
611 1168 713 1220 natura
726 1160 764 1218 ad
777 1160 966 1232 honestatem,

125 1239 303 1316 gravitatem,
318 1241 546 1318 temperantiam,
563 1241 794 1318 magnitudinem
814 1240 911 1312 animi,
927 1241 969 1297 iu·

126 1319 243 1390 stitiam,
251 1319 289 1377 ad
299 1339 399 1379 omnes
410 1321 533 1398 denique
544 1321 663 1379 virtutes
673 1340 811 1399 magnum
819 1319 968 1378 hominem

126 1406 155 1456 et
172 1399 322 1457 excelsum.
363 1399 495 1459 Accessit
508 1401 582 1459 istuc
598 1401 730 1459 doctrina
745 1419 804 1458 non
819 1400 969 1458 moderata

125 1487 178 1536 uec
192 1479 279 1550 mitis,
292 1478 350 1550 sed,
361 1486 394 1537 ut
407 1480 480 1538 mihi
494 1481 614 1553 videtur,
625 1481 722 1558 paullo
736 1480 862 1559 asperior
875 1487 904 1538 et
918 1480 969 1538 du·

125 1558 184 1616 rior
202 1577 287 1635 qnam
307 1558 411 1616 veritas
429 1567 479 1618 aut
495 1567 597 1618 natura
614 1561 730 1638 patitur.
774 1565 821 1618 61.
843 1559 883 1618 Et
899 1578 969 1638 quo

126 1638 204 1694 niam
220 1657 279 1694 non
297 1644 340 1695 est
357 1638 440 1696 nobis
456 1638 526 1697 haec
543 1640 635 1699 oratio
652 1639 784 1698 habenda
802 1639 839 1698 ad
855 1640 969 1718 imperi·

126 1723 186 1774 tam
200 1716 416 1792 multitudinem
430 1719 521 1777 autin
535 1720 632 1798 aliquo
646 1726 789 1778 conventu
802 1713 966 1798 agrestium,

126 1796 261 1854 audacius
274 1796 371 1874 paullo
385 1797 421 1856 de
439 1798 542 1856 studiis
555 1800 750 1871 humanitatis,
763 1819 836 1878 quae
852 1806 881 1858 et
895 1799 969 1856 mihi

127 1883 158 1934 et
170 1876 252 1933 vobis
266 1883 336 1933 nota
348 1884 378 1934 et
392 1877 516 1936 iucunda
530 1886 604 1951 sunt,
617 1879 778 1957 disputabo.
817 1878 852 1936 In
866 1878 906 1936 M.
916 1879 969 1938 Oa-

126 1962 203 2027 tone,
213 1956 329 2027 iudices,
338 1955 408 2016 haec
422 1957 498 2015 bona
513 1978 584 2036 quae
595 1959 725 2017 videmus
738 1959 836 2016 divina
849 1966 879 2017 et
892 1978 969 2036 egre-

126 2036 174 2112 gia
190 2036 280 2113 ipsius
296 2036 399 2094 scitote
417 2056 477 2096 esse
493 2039 625 2116 propria:
647 2058 719 2117 quae
735 2058 794 2097 non
810 2058 968 2116 numquam

126 2115 304 2193 requirimus,
324 2135 357 2174 ea
379 2125 445 2175 sunt
467 2117 564 2176 omnia
586 2137 644 2176 non
666 2138 684 2176 a
705 2126 813 2191 natura,
831 2138 930 2176 verum
951 2136 985 2176 a·

125 2195 271 2274 magistro.
313 2195 381 2255 Fuit
401 2197 477 2255 enirn
501 2198 620 2274 quidam
644 2217 757 2257 summo
778 2199 895 2276 ingenio
916 2199 967 2269 vir,

126 2275 211 2347 Zeno,
229 2276 310 2334 cuius
330 2275 512 2335 inventorum
537 2278 641 2336 aemuli
662 2277 753 2336 Stoici
774 2278 966 2336 nominantur.

123 2355 222 2413 Huius
239 2356 396 2414 sententiae
414 2364 481 2415 sunt
498 2364 528 2415 at
543 2365 695 2435 praecepta
713 2358 773 2416 eius
791 2358 880 2430 modi,
896 2358 969 2435 sapi-

126 2442 222 2492 entem
232 2436 325 2513 gratia
334 2455 491 2514 numquam
502 2438 618 2509 moveri,
628 2451 786 2515 numquam
800 2438 968 2515 cuiusquam

126 2514 231 2571 delicto
251 2515 415 2592 ignoscere:
436 2517 581 2574 neminem
600 2517 813 2575 misericordem
833 2536 893 2575 esse
912 2517 968 2574 nisi

126 2593 246 2651 stultum
261 2602 290 2652 et
304 2594 411 2653 levem:
431 2596 485 2653 viri
499 2616 557 2654 non
572 2616 632 2655 esse
646 2616 739 2674 neque
753 2597 862 2655 exorari
877 2615 969 2675 noque

126 2671 247 2750 placari:
277 2673 352 2731 solos
376 2675 518 2752 sapientes
542 2696 611 2748 esse,
631 2676 656 2734 si
680 2677 876 2735 distortissimi
901 2677 967 2749 sint,

125 2753 289 2810 formosos:
318 2753 342 2810 si
366 2755 579 2828 mendicissimi,
600 2756 721 2815 divites:
750 2757 774 2814 si
802 2757 968 2814 servitutem

127 2833 257 2904 serviant,
270 2852 367 2911 reges:
386 2855 440 2892 nos
453 2843 558 2908 autem,
569 2837 618 2915 qui
631 2836 773 2913 sapientes
787 2855 846 2894 non
860 2855 966 2908 sumus,

126 2911 274 2990 fugitivos,
283 2913 400 2986 exsules,
408 2914 513 2986 hostes,
521 2917 637 2974 insanos
647 2916 771 2992 denique
781 2934 841 2973 esse
852 2916 967 2974 dicunt:

127 2991 224 3049 omnia
237 3000 354 3069 peccata
368 3013 429 3051 asse
441 2995 536 3071 paria:
557 3014 641 3052 omne
653 2994 789 3052 delictum
804 2994 894 3053 scelus
908 3015 968 3052 esse

126 3071 268 3129 nefarium
279 3092 331 3130 nac
344 3073 440 3130 minus
450 3073 614 3150 delinquere
627 3092 701 3144 eum,
712 3073 762 3150 qui
772 3071 878 3149 gallum
889 3075 969 3150 galli-

127 3169 254 3223 naceum,
264 3170 330 3209 cum
345 3171 418 3229 opus
431 3171 490 3210 non
504 3152 599 3225 fuerit,
611 3171 697 3229 quam
711 3171 785 3236 eum,
796 3153 845 3228 qui
856 3160 967 3230 patrem
