2262 3418
134 125 183 172 lau
272 121 343 173 PRO
359 122 390 172 Τ.
405 121 520 173 ANNIO
537 121 677 173 MILONE
694 120 835 173 ORATIO.

133 223 242 294 audaci,
253 230 314 280 tam
327 222 437 280 nefaria
446 222 530 281 belua
543 223 653 295 docere,
662 243 796 301 magnam
811 225 838 282 ei
848 243 971 298 cansam,

133 321 268 378 maguam
282 320 362 379 spem
375 302 406 360 in
420 302 537 360 Milonis
549 309 642 360 morte
676 303 843 380 repositam,
853 323 973 381 magnas

128 381 272 439 utilitates
291 381 388 440 fuisse.
431 380 531 460 Itaque
551 381 623 440 illud
713 384 820 453 ianum,
835 383 883 440 cati
903 385 973 442 bono

133 461 238 536 suerit,
250 461 280 518 in
296 461 342 518 his
357 462 487 538 personis
502 461 603 533 valeat,
615 462 669 519 etsi
684 461 754 519 boni
770 461 850 537 nullo
866 462 973 522 emolu-

133 547 232 598 mento
246 540 432 618 impelluntur
445 541 475 597 in
489 541 630 612 fraudem,
641 540 766 618 improbi
780 561 864 619 saepe
873 561 970 618 parvo.

131 619 226 697 Atqui
242 619 351 678 Milone
367 620 519 678 interiecto
533 619 653 678 Clodius
668 620 738 678 haec
754 620 970 699 adsequebatur,

132 718 192 756 non
208 699 296 756 modo
313 707 346 757 ut
361 706 477 776 praetor
492 706 566 758 esset
582 719 641 758 non
655 719 689 758 eo
703 700 828 771 consule,
841 718 899 778 quo
915 721 973 760 soe-

133 778 198 836 leris
214 778 286 836 nihil
302 778 397 836 iacere
412 785 518 856 posset,
530 779 580 837 sed
597 779 682 839 etiam
700 786 733 836 nt
751 779 787 838 iis
807 781 972 838 consulibus

132 865 247 935 praetor
257 865 339 930 esset,
349 858 453 935 quibus
467 859 563 916 sinon
577 858 788 930 adiuvantibus,
797 866 827 916 at
840 860 973 917 coniven-

132 936 211 994 tibus
224 944 300 995 certe
314 945 439 1015 speraret
448 957 533 1015 posse
547 958 576 996 se
590 938 703 996 eludere
716 939 746 998 in
757 938 814 996 illis
827 939 886 996 suis
896 940 972 1018 cogi-

132 1016 201 1074 tatis
216 1016 378 1075 furoribus:
400 1017 481 1075 cuius
496 1017 538 1075 illi
554 1024 682 1090 conatus,
694 1025 728 1076 nt
743 1018 805 1096 ipse
821 1018 971 1076 ratiocina-

132 1095 325 1168 batur,nec,si
335 1103 479 1174 cuperent,
487 1097 640 1174 reprImere
648 1105 773 1174 possent,
781 1117 847 1157 cum
857 1105 971 1156 tantum

132 1174 301 1234 beneficium
323 1177 350 1234 ei
371 1196 400 1234 se
416 1176 519 1234 debere
535 1177 747 1249 arbitrarentur,
761 1184 799 1249 et,
814 1177 839 1235 si
858 1177 970 1249 vellent,

130 1255 253 1314 fortasse
270 1256 317 1313 vix
333 1263 451 1334 possent
466 1257 597 1334 frangere
617 1256 745 1314 hominis
763 1256 971 1316 sceleratissimi

132 1335 344 1406 corroboratam
358 1336 416 1394 iam
426 1343 567 1394 vetustate
580 1335 736 1394 audaciam.
772 1343 819 1395 33.
831 1335 880 1394 An
893 1357 969 1410 vero,

132 1414 249 1486 iudices,
261 1435 312 1472 vos
334 1415 388 1474 soli
406 1416 553 1492 ignoratis,
565 1435 617 1474 vos
635 1415 765 1493 hospites
780 1417 811 1473 in
827 1415 881 1474 hac
901 1416 971 1475 urbe

132 1495 303 1552 versaminil
322 1501 431 1552 vestrae
444 1495 661 1572 peregrinantur
674 1515 755 1554 aures
768 1515 862 1573 neque
874 1496 906 1553 in
915 1495 971 1556 hoc

132 1579 287 1651 pervagato
298 1574 422 1632 civitatis
435 1594 566 1633 sermone
579 1582 734 1647 versantur,
747 1573 817 1653 quas
827 1575 874 1634 ille
884 1575 969 1653 leges,
1000 1594 1008 1608 ·

133 1653 157 1710 si
173 1652 251 1730 leges
266 1653 458 1712 nominandae
475 1661 542 1712 suut
558 1673 590 1712 ac
607 1674 666 1713 non
682 1655 760 1716 faces
777 1654 864 1726 urbis,
876 1663 972 1732 pestes

132 1733 174 1790 rei
187 1732 326 1810 publicae,
338 1733 426 1791 fuerit
440 1733 627 1810 impositurus
640 1733 724 1792 nobis
738 1733 872 1793 omnibus
885 1741 971 1812 atque

132 1813 296 1870 inustumst
336 1812 457 1885 Exhibe,
473 1832 586 1890 quaeso,
602 1812 687 1872 Sexte
708 1813 802 1885 Clodi,
817 1813 920 1872 exhibe
940 1814 972 1874 li-

133 1891 258 1950 brarium
267 1892 338 1950 illud
346 1892 442 1970 legum
451 1900 617 1964 vestrarum,
623 1893 827 1970 quodteaIunt
836 1894 972 1972 eripuisse

133 1991 149 2030 e
165 1972 254 2029 domo
272 1979 302 2030 et
318 1991 352 2030 ex
369 1972 472 2030 mediis
488 1972 574 2030 armis
589 1972 729 2050 turbaque
745 1980 886 2031 nocturna
901 1981 973 2032 tam-

133 2071 219 2129 quam
240 2051 402 2110 Palladium
423 2052 578 2124 sustulisse,
590 2058 623 2110 ut
643 2052 818 2130 praeclarum
839 2053 972 2112 videlicet

132 2151 238 2189 munus
257 2139 343 2210 atque
363 2133 585 2190 instrumentum
602 2132 764 2190 tribunatus
784 2133 822 2190 ad
837 2133 970 2211 aliquem,

133 2211 157 2268 si
173 2218 275 2270 nactus
290 2231 374 2284 esses,
387 2213 437 2290 qui
453 2219 504 2270 tuo
521 2211 639 2270 arbitrio
658 2212 835 2270 tribunatum
852 2221 971 2290 gereret,

132 2291 244 2350 deferre
257 2309 363 2370 posses
401 2291 500 2370 Atque
515 2311 588 2370 per.
603 2333 633 2350 ..
668 2291 717 2350 An
731 2291 817 2351 huius
831 2292 878 2350 ille
891 2293 971 2370 legis,

133 2391 219 2449 qnam
240 2371 360 2430 Clodius
379 2391 398 2430 a
417 2391 454 2430 se·
467 2373 613 2429 inventam
634 2371 781 2449 gloriatur,
794 2373 972 2432 mentionem

131 2453 226 2510 iacere
242 2458 333 2510 ausus
346 2459 421 2510 esset
436 2451 502 2510 vivo
519 2451 635 2524 Milone,
647 2471 706 2510 non
723 2451 817 2510 dicam
838 2453 973 2510 consulet

131 2531 178 2588 De
191 2538 322 2590 nostrum
336 2533 414 2590 euim
429 2531 559 2589 omnium
573 2575 581 2590 .
597 2575 604 2590 .
620 2576 627 2589 .
642 2551 701 2588 non
716 2531 809 2595 audeo
822 2538 917 2592 totum
932 2531 974 2592 di·

132 2629 203 2668 cere.
238 2611 345 2670 Videte
362 2611 433 2688 quid
449 2631 482 2668 ea
498 2611 561 2669 vitii
575 2611 620 2670 lex
636 2611 771 2670 habitura
785 2612 882 2683 fuerit,
892 2613 974 2670 cuius

132 2689 291 2774 periculosa
309 2691 396 2750 etiam
414 2691 597 2769 reprehensio
613 2698 664 2750 est.
700 2691 738 2749 Et
752 2691 863 2770 aspexit
878 2711 925 2748 me
941 2691 974 2750 il·

132 2769 168 2827 lis
185 2771 300 2848 quidem
318 2771 416 2842 oculis,
429 2771 533 2848 quibus
548 2777 612 2829 tum
629 2767 747 2843 solebat,
758 2791 824 2833 cum
839 2771 974 2832 omnibus

133 2851 230 2907 omnia
243 2849 413 2908 minabatur.
455 2850 553 2908 Movet
566 2869 614 2908 me
627 2851 736 2928 qnippe
748 2850 845 2909 lumen
858 2851 973 2910 curiae!

133 2929 217 2988 XIII.
240 2929 336 2998 Quid?
359 2936 392 2988 tu
412 2948 459 2987 me
479 2930 534 2988 tibi
554 2930 668 3002 iratum,
680 2930 775 3002 Sexte,
787 2937 881 3009 putas,
892 2930 975 2992 euius

132 3015 166 3067 tu
179 3009 409 3067 inimicissimum
422 3007 515 3068 multo
529 3010 672 3068 crudelius
685 3010 773 3068 etiam
786 3011 921 3088 poenitus
933 3029 973 3082 es,

133 3108 220 3166 quam
237 3097 297 3147 erat
312 3090 500 3148 humanitatis
515 3109 596 3148 meae
611 3089 775 3167 postularet
808 3090 853 3149 Tu
867 3090 900 3148 P.
909 3089 976 3147 Olo-

133 3168 176 3226 dii
192 3176 341 3228 cruentum
361 3169 481 3228 cadaver
496 3168 605 3230 eiecisti
621 3169 718 3242 dome,
729 3176 763 3228 tu
779 3169 809 3228 in
825 3169 975 3248 publicum
