2262 3418
130 123 178 171 us
214 176 219 185 ,
302 122 373 172 reo
390 122 426 172 M.
441 121 636 174 1111111111
654 121 796 176 orario

130 218 189 283 quin
203 218 265 269 haec
282 218 344 282 ipsa,
354 235 418 284 quae
431 221 497 270 infra
512 219 610 282 legitur,
621 221 701 271 oratio
717 237 748 272 ea
764 222 818 286 ipsu
833 222 971 284 gratiarum

130 286 196 333 actio
209 286 248 345 sit,
259 300 324 348 quae
334 301 384 334 non
398 286 479 336 solnm
489 287 575 335 multis
586 288 805 347 grammaticorum
815 286 877 337 locis
888 298 913 338 et
926 304 971 338 no-

130 349 266 399 tationibus
277 350 400 413 laudatur,
408 365 493 400 rerum
505 352 582 401 etiam
592 353 646 415 ipse
657 355 832 402 auctoritatem
840 354 972 405 Tullianae

130 415 287 479 eloquentiae
298 415 396 465 videtur
406 431 466 480 prae
477 433 503 465 se
514 418 658 467 ferre-M.
669 427 754 467 autem
768 419 903 468 Marcellus
917 419 971 468 diu-

130 480 180 529 tius
198 480 325 544 Mytilenis
342 490 452 531 moratus
469 491 587 546 sequente
603 483 705 532 demum
721 498 787 532 anno
800 484 849 533 iter
865 486 972 533 Rornnm

131 547 297 610 paravitque
313 547 340 594 in
355 547 444 596 itinere
462 563 519 596 cum
536 549 668 597 Piraeeum
685 550 800 610 venisset,
812 565 828 598 a
845 551 874 600 P.
886 550 972 609 Magio

131 611 220 660 Cilone
230 611 375 662 interfectus
385 622 460 676 atque
472 628 488 661 a
501 613 552 662 Ser.
560 613 669 676 Sulpicio
681 615 755 675 Ruso,
766 615 808 677 qui
817 614 869 663 eius
878 614 972 674 collega

131 675 157 724 in
178 677 308 726 consulatu
327 677 418 739 fuerat,
431 680 456 726 in
473 678 603 746 gymnasio
622 679 776 728 Academico
794 679 905 741 sepultus
923 690 968 739 est,

131 741 181 792 vid.
193 743 321 792 Ciceronis
335 759 372 807 qr.
385 743 422 792 od
428 742 582 808 familiares,
593 743 636 794 lib.
646 744 692 806 V.,
702 759 739 808 ep.
751 746 791 806 42,
802 744 832 794 cl
844 745 972 795 Ciceronis

132 822 170 870 ep.
180 808 492 870 adAtticam,lib.X111.,
503 823 541 872 cp.
553 811 592 871 10,
605 807 619 869 §
631 811 655 860 3.

172 932 195 992 Ι.
230 938 255 992 1.
267 933 405 1004 Diuturni
416 934 529 1007 silentii,
539 941 635 1012 patres
648 935 811 1014 conscripti,
824 954 882 1013 quo
895 955 972 994 eram

131 1013 178 1070 his
194 1013 372 1092 temporibus
391 1034 468 1086 usus,
483 1033 542 1072 non
559 1015 663 1073 timore
683 1015 788 1093 aliquo,
801 1015 851 1074 sed
867 1017 981 1094 partim

108 1169 111 1174 Ι
133 1093 239 1166 dolore,
251 1093 357 1171 partim
371 1095 541 1152 verecundia
553 1093 640 1152 finem
654 1094 811 1153 hodiernus
825 1095 886 1153 dies
900 1102 974 1153 attu-

132 1172 175 1245 lit,
187 1173 321 1251 idemque
337 1173 453 1232 initium
474 1193 546 1252 quae
566 1174 668 1232 vellem
689 1193 817 1252 quaeque
838 1175 973 1232 sentirem

132 1272 198 1311 meo
214 1253 337 1330 pristino
353 1273 433 1312 more
450 1253 571 1312 dicendi.
614 1250 737 1312 Tantam
751 1255 829 1312 enim
845 1273 974 1312 mansue-

27 1353 32 1365 ·
132 1332 272 1404 tudinem,
284 1340 344 1391 tam
361 1334 527 1392 inusitatam
544 1333 760 1410 inauditamque
781 1333 971 1405 clementiam,

94 1427 96 1432 ’
132 1419 247 1470 tantum
260 1413 291 1470 in
306 1432 419 1470 summa
431 1419 574 1490 potestate
590 1414 721 1471 omnium
734 1431 829 1472 rerum
843 1413 971 1485 modum,

132 1499 193 1550 tam
210 1493 334 1570 denique
350 1492 545 1560 incredibilem
563 1493 732 1572 sapientiam
748 1512 781 1551 ac
795 1512 886 1571 paene
903 1493 973 1550 divi-

132 1591 200 1630 nam
217 1573 322 1630 tacitus
338 1573 490 1650 praeterire
510 1572 590 1630 nullo
609 1573 698 1630 modo
719 1592 845 1650 possum.
890 1579 916 1630 2.
932 1572 970 1631 Μ.

133 1652 211 1710 enim
220 1651 353 1710 Marcello
364 1652 454 1724 vobis,
461 1659 556 1729 patres
566 1653 729 1731 conscripti,
737 1653 834 1729 reique
842 1652 973 1730 publicae

133 1731 255 1802 reddito,
267 1751 326 1788 non
343 1731 418 1788 illius
435 1731 536 1804 solum,
549 1731 599 1790 sed
616 1733 703 1790 etiam
719 1751 813 1790 meam
827 1751 927 1790 vocem
944 1739 974 1790 et

133 1811 334 1870 auctoritatem
354 1810 436 1868 vobis
460 1818 489 1869 et
509 1812 549 1869 rei
573 1811 704 1888 publicae
724 1819 919 1869 conservatam
939 1831 973 1870 ac

133 1891 295 1950 restitutam
312 1897 392 1969 puto.
434 1889 576 1949 Dolebam
596 1892 682 1964 enim,
694 1898 789 1969 patres
808 1891 971 1968 conscripti,

134 1979 163 2028 et
177 1971 360 2029 vehementer
372 1970 504 2048 angebar,
520 1965 599 2045 [eum
612 1968 751 2048 viderem]
766 1971 860 2030 virum
876 1970 972 2043 talem,

134 2051 184 2129 qni
197 2051 228 2108 in
242 2051 341 2109 eadem
356 2068 441 2108 causa
453 2058 534 2122 esset,
547 2051 576 2107 in
592 2069 648 2127 qua
661 2070 715 2128 ego
729 2051 857 2122 fuissem,
869 2070 928 2108 non
942 2051 974 2108 in

133 2130 233 2189 eadem
245 2151 304 2189 esse
315 2131 440 2203 fortuna,
450 2149 502 2188 nee
516 2129 588 2187 mihi
598 2127 767 2207 persuadere
777 2139 907 2208 poteram
920 2150 974 2188 nec

133 2211 179 2268 fas
195 2231 255 2269 esse
276 2210 415 2268 ducebam
432 2210 536 2268 versari
551 2229 598 2268 me
615 2210 645 2267 in
662 2217 761 2268 nostro
778 2218 872 2268 vetere
888 2211 974 2268 curri·

134 2291 199 2348 culo
215 2291 265 2349 illo
281 2290 393 2348 aemulo
410 2298 496 2369 atque
512 2289 656 2348 imitatore
673 2291 834 2348 studiorum
851 2289 975 2348 1111111-

134 2389 198 2428 rum
218 2389 349 2429 meorum
370 2371 450 2448 quasi
472 2370 596 2449 quodum
618 2369 696 2427 socio
717 2389 735 2434 a
755 2389 802 2428 me
822 2376 852 2428 et
867 2371 974 2428 comite

135 2449 279 2508 distracto.
314 2451 392 2528 Ergo
403 2450 514 2509 etmihi
528 2454 608 2508 meae
621 2449 758 2527 pristinae
769 2449 844 2507 vitae
858 2469 975 2506 eonsue-

135 2529 274 2600 tudinem,
283 2528 316 2594 C.
329 2529 440 2602 Caesar,
452 2530 634 2588 interclusam
651 2528 789 2607 aperuisti
805 2536 835 2587 et
851 2529 897 2586 his
914 2547 975 2586 om-

135 2609 220 2666 nibus
236 2609 273 2666 ad
288 2608 361 2666 bene
378 2609 414 2666 de
431 2610 510 2667 omni
526 2629 557 2668 re
573 2609 688 2689 publica
704 2608 876 2686 sperandum
893 2608 975 2686 quasi

135 2688 250 2764 signum
266 2687 383 2765 aliquod
400 2689 547 2748 sustulisti.
590 2696 616 2748 3.
635 2680 817 2747 Intellectum
836 2695 880 2746 est
896 2689 974 2745 enim

136 2767 208 2832 mihi
229 2767 346 2845 quidem
366 2768 397 2825 in
417 2769 516 2826 multis
536 2777 565 2828 et
581 2769 706 2827 maxime
725 2769 755 2826 in
776 2787 823 2826 me
840 2768 912 2845 ipso,
925 2766 976 2824 scd

135 2846 232 2924 paullo
250 2854 316 2905 ante
334 2847 365 2904 in
384 2847 525 2920 omnibus,
541 2867 607 2906 cum
628 2849 666 2908 M.
677 2848 843 2907 Marcellum
864 2847 976 2905 senatui

135 2927 232 3004 reique
242 2926 373 3004 publicae
386 2928 558 2999 concessisti,
566 2929 797 2987 commemoratis
807 2926 976 3006 praesertim

136 3006 351 3078 offensionibus,
363 3012 393 3064 te
409 3007 609 3065 auctoritatem
624 3008 711 3066 huius
727 3008 836 3066 ordinis
853 3007 977 3085 dignita·

136 3091 252 3162 temque
266 3085 307 3143 rei
319 3085 450 3162 publicae
463 3086 521 3143 tuis
534 3086 579 3144 vel
593 3087 740 3145 doloribus
753 3087 978 3166 velsuspitioni·

137 3162 191 3221 bus
203 3163 352 3246 anteferre.
388 3165 439 3223 Hle
450 3165 566 3243 quidem
576 3166 703 3225 fructum
714 3168 810 3226 omnis
820 3175 886 3226 ante
897 3173 977 3227 11111
