2262 3418
159 134 206 182 122
314 131 385 182 PRO
400 128 541 181 ARCHIA
556 128 677 181 Poura
693 129 836 182 ORATIO.

158 231 336 291 domicilium
356 231 466 290 Romae
485 250 544 289 non
564 231 685 289 habuitt
724 229 761 304 Is,
777 231 827 308 qni
847 235 893 289 tot
913 231 1001 290 annis

158 319 224 370 ant'e
238 312 382 370 civitatem
393 312 490 369 datam
504 311 600 369 sedem
615 311 744 368 omnium
755 330 849 369 rernm
863 329 896 368 ac
906 311 998 370 fortn-

157 410 259 448 narnm
276 409 389 448 suarum
403 390 512 448 Romae
529 390 697 448 collocavit?
736 390 785 447 An
799 397 916 448 nonest
932 409 999 467 pro-

158 471 268 529 fessus?
308 469 402 528 lmmo
416 487 483 528 vero
497 471 532 528 iis
545 469 651 527 tabulis
664 470 818 547 professus,
831 489 903 548 quae
919 469 998 528 solae

158 569 193 607 ex
213 550 262 607 illa
281 550 460 627 professione
480 549 658 627 collegioque
678 557 843 627 praetorum
864 549 998 607 obtinent

157 628 335 706 publicarum
351 629 512 687 tabularum
531 629 737 686 auctoritatem.
779 628 816 687 V.
835 628 911 686 Nam
929 647 998 686 cum

157 708 248 785 Appii
259 708 371 766 tabulae
385 709 578 786 negligentius
591 708 753 766 adservatae
764 708 932 780 dicerentur,
942 707 999 765 Ga·

157 787 237 859 binii,
249 786 386 864 quamdiu
399 788 551 845 incolumis
564 788 630 859 fuit,
639 787 747 858 levitas,
758 794 826 866 post
839 787 1000 845 damnatio-

158 867 386 924 nemesalamitas
403 885 518 924 omnem
536 866 696 926 tabularum
712 866 799 926 fidem
817 867 997 944 resignasset,

159 944 298 1017 Metellus,
308 944 397 1002 homo
409 946 603 1004 sanctissimus
612 946 895 1024 modestissimusque
906 947 999 1004 omni-

159 1043 217 1096 um,
232 1031 313 1082 tants
328 1024 478 1102 diligentia
493 1026 559 1097 fuit,
571 1033 604 1083 nt
620 1025 657 1083 ad
673 1025 704 1083 L.
717 1025 870 1092 Lentulum
887 1033 999 1103 praeto

158 1123 219 1161 rem
236 1111 265 1162 et
281 1104 319 1162 ad
331 1105 440 1163 iudices
455 1107 565 1164 venerit
582 1111 611 1162 et
626 1105 711 1162 unius
726 1105 853 1162 nominis
866 1104 954 1162 litura·
968 1125 999 1163 se

158 1190 336 1241 commotum
357 1203 417 1242 esse
433 1185 544 1243 dixerit
586 1185 643 1242 His
660 1185 750 1262 igitur
765 1184 876 1242 tabulis
889 1185 998 1242 nullam

158 1263 273 1320 lituram
286 1264 318 1320 in
331 1265 449 1322 nomine
459 1263 495 1322 A.
506 1264 609 1322 Licinii
622 1263 733 1322 videtis.
777 1269 823 1322 10.
839 1262 918 1332 Quae
932 1284 998 1323 cum

158 1343 200 1401 ita
213 1343 279 1415 sint,
289 1343 358 1420 quid
370 1350 414 1402 est
424 1343 502 1421 qnod
512 1344 549 1402 de
562 1344 623 1402 eins
637 1343 751 1401 civitate
765 1343 910 1414 dubitetis,
920 1363 999 1422 prae

159 1423 257 1480 sertim
273 1442 339 1480 cum
356 1422 418 1480 aliis
435 1442 549 1500 qnoque
565 1422 596 1480 in
612 1423 777 1481 civitatibus
791 1423 881 1481 fuerit
896 1425 1000 1501 ascrip-

48 1575 52 1585 .
158 1503 224 1559 tus?
264 1501 380 1560 Etenim
398 1521 464 1560 cum
481 1502 673 1561 mediocribus
690 1503 789 1560 multis
808 1509 837 1560 et
856 1510 906 1561 ant
922 1503 1000 1561 nulla

159 1587 209 1639 ant
222 1580 325 1638 humili
338 1582 432 1659 aliqua
445 1589 505 1640 arte
519 1582 655 1660 praeditis
669 1583 795 1659 gratuito
809 1582 999 1641 civitatem-in

159 1660 277 1718 Graecia
300 1659 432 1718 homines
454 1661 665 1737 impertiebant,
685 1661 813 1738 Reginos
839 1659 927 1720 credo
949 1671 1002 1721 ant

159 1739 312 1798 Locrenses
339 1747 390 1797 aut
416 1739 621 1817 Neapolitanos
647 1747 698 1799 aut
720 1741 898 1813 Tarentinos,
921 1743 1001 1822 quod

159 1819 294 1876 scaenicis
312 1818 468 1876 artificibus
484 1819 582 1897 largiri
601 1820 738 1891 solebant,
753 1821 785 1878 id
800 1821 867 1878 hnic
886 1841 1002 1880 summa

158 1899 268 1975 ingenii
281 1898 411 1976 praedito
426 1898 518 1974 gloria
532 1898 674 1958 noluissel
715 1899 810 1969 Quidr
830 1921 896 1959 eum
913 1903 1001 1960 ceteri

158 1997 217 2035 non
236 1978 324 2036 modo
343 1986 410 2055 post
428 1979 573 2038 civitatem
589 1980 694 2050 datam,
710 1979 761 2038 sed
777 1980 864 2038 etiam
880 1988 948 2058 post
963 1982 1002 2039 le-

158 2076 225 2134 gem
243 2057 365 2134 Papiam
383 2057 479 2136 aliquo
499 2058 587 2116 modo
605 2059 636 2116 in
657 2078 756 2117 eorum
776 2061 1001 2138 municipiorum

126 2179 131 2190 .
158 2136 269 2194 tabulas
282 2137 464 2214 irrepserunt,
474 2137 531 2210 hic,
544 2137 593 2215 qui
606 2157 643 2196 ne
656 2139 749 2197 utitur
761 2140 879 2218 quidem
893 2140 956 2212 illis,
968 2141 1000 2198 in

160 2216 263 2294 quibus
286 2225 329 2275 est
351 2217 481 2294 scriptus,
502 2217 581 2296 qnod
602 2237 714 2296 semper
735 2238 765 2276 se
787 2219 1000 2278 Heracliensem

158 2315 219 2354 esse
237 2296 336 2366 voluit,
351 2297 523 2354 reiicietnrl·
554 2302 599 2355 11.
622 2297 732 2356 Census
749 2306 863 2356 nostros
879 2299 1001 2377 requiris

159 2375 273 2434 seilicet
312 2376 368 2433 'Est
392 2377 469 2433 enim
493 2375 645 2435 obscurum
669 2378 808 2455 proximis
836 2378 1001 2436 eeumribus
1059 2397 1063 2402 ·

158 2453 234 2512 hunc
249 2474 314 2512 enm
328 2454 485 2514 clarissimo
497 2456 670 2534 imperatore
684 2457 715 2515 L
728 2457 846 2516 Lucullo
863 2458 941 2536 apud
954 2477 1001 2516 ex·
1057 2499 1061 2506 ·

159 2533 279 2590 ercitum
300 2535 397 2608 fuisse,
418 2535 611 2611 superioribus
634 2555 700 2595 cnm
724 2537 826 2596 eodem
851 2544 1001 2615 quaestore

158 2612 248 2670 fuisse
263 2613 294 2670 in
310 2613 387 2685 Asia,
399 2615 501 2691 primis
518 2614 592 2672 Iulio
609 2623 639 2673 et
655 2615 757 2674 Crasso
773 2617 882 2675 nnllam
898 2616 1001 2694 populi

158 2698 270 2769 partem
288 2712 348 2750 esse
367 2697 489 2753 censam.
531 2693 589 2752 Sed
606 2696 741 2773 qnoniam
760 2715 861 2754 census
879 2697 1001 2754 nonius

159 2771 283 2829 civitatis
299 2771 495 2831 confirmatae
508 2780 622 2832 tantum
638 2775 727 2832 modo
741 2776 849 2834 indicat
863 2795 938 2847 eum,
950 2776 1001 2854 qni

159 2851 197 2907 sit
210 2869 319 2922 census,
329 2851 370 2909 ita
383 2871 413 2909 se
426 2852 483 2909 iam
495 2859 558 2910 tum
568 2854 687 2929 gessisse
697 2874 751 2931 pro
765 2856 834 2926 cive,
844 2855 880 2913 iis
889 2862 1002 2933 tempo-

158 2929 245 3002 ribuS,
256 2949 341 3006 quem
352 2937 385 2987 tn
399 2930 557 2988 criminaris
570 2951 607 2990 ne
619 2933 710 3010 ipsius
721 2933 837 3010 quidem
848 2934 955 2992 indicio
969 2935 1001 2992 in

159 3008 265 3065 civium
279 3009 475 3066 Romanomm
489 3011 551 3068 iure
567 3030 627 3068 esse
643 3019 794 3083 versatum,
806 3019 835 3070 et
848 3020 1002 3078 testamen·

159 3093 223 3145 tum
244 3106 327 3164 saepo
347 3087 418 3144 fecit
436 3090 541 3146 nostris
561 3087 672 3167 legibus
692 3097 721 3148 et
739 3091 811 3149 adiit
828 3091 1003 3151 hereditates

159 3167 266 3225 civium
282 3166 478 3226 Romanorum
495 3168 568 3226 etin
584 3168 729 3228 beneficiis
745 3170 782 3227 ad
798 3171 936 3229 aerarium
954 3172 1003 3230 de·
