2262 3418
324 130 403 181 CAP.
419 129 680 191 xxv[.-.xxvl11,
697 128 816 190 §rota
944 133 991 180 lou

153 232 247 312 pulit.
275 250 350 303 eum,
370 231 416 289 cui
439 230 512 288 nihil
535 245 673 324 umquam
697 232 779 290 nefas
802 231 861 289 fuit
884 251 937 290 nec
960 232 992 290 in

153 313 281 372 facinore
291 331 343 370 nec
353 312 384 368 in
397 311 523 383 libidine,
534 311 778 389 eum,qu1aedem
790 311 992 390 Nympharum

153 392 290 463 incendit,
302 398 335 450 ut
351 392 518 450 memoriam
535 355 679 484 publicam
698 392 871 450 recensionis
887 391 993 450 tabulis

154 471 301 551 publicis
293 490 460 549 impressam
477 471 686 549 exstingueret:
709 471 755 530 74.
772 491 838 530 eum
859 471 992 550 denique,

154 552 201 610 cui
215 552 273 608 iam
287 551 365 609 nulla
377 550 423 609 lex
437 557 504 623 erat,
516 550 627 608 nullum
641 551 745 609 civile
737 571 790 623 rus,
800 551 872 609 nulli
885 571 994 629 posses

155 633 269 698 sionum
279 631 394 688 termini
396 631 462 709 ,qui
473 650 533 689 non
543 631 686 689 calumnia
695 595 799 704 litiuni,
809 651 868 688 non
878 632 994 689 iniustis

154 711 287 769 vindiciis
303 730 336 769 ac
356 711 540 768 sacramentis
560 710 668 769 alienos
688 710 805 783 fundos,
817 711 868 768 scd
884 712 992 783 castris,

154 791 288 864 exercitu,
304 791 393 868 signis
413 791 570 849 inferendis
589 790 722 868 petebat:
748 791 798 869 qui
818 811 877 848 nou
900 791 993 848 solum

155 870 400 928 Etmsaos—eos
427 871 504 928 enim
531 872 648 948 penitus
671 870 994 965 contempserat-sed

154 949 232 1008 hunc
245 951 279 1009 P
289 950 419 1022 Varium,
430 951 620 1010 fortissimum
635 957 720 1029 atque
734 951 900 1044 optimum·
892 952 993 1022 civem,

155 1030 280 1089 iudicem
301 1037 441 1102 nostrum,
456 1031 559 1108 pellere
583 1031 811 1109 possessionibus
831 1031 917 1089 armis
937 1050 995 1088 cas

155 1111 264 1189 trisque
280 1118 399 1168 conatus
416 1118 459 1168 est
460 1111 529 1188 ,qui
543 1130 609 1168 cum
626 1110 788 1168 architectis
804 1117 834 1170 et
847 1112 1002 1189 decempe-

86 1221 89 1228 ι
156 1189 201 1247 dis
217 1189 298 1248 villas
317 1191 475 1248 multcmm
491 1191 649 1268 hortosque
665 1191 842 1268 peragrabat,
854 1191 904 1268 qui
921 1190 995 1248 Iani-

156 1269 220 1328 culo
237 1277 267 1328 et
282 1270 407 1348 Alpibus
427 1289 507 1348 spem
523 1270 735 1347 possessionum
752 1271 918 1328 terminarat
934 1289 996 1327 sua

156 1368 219 1407 rum
222 1351 291 1428 ,qui
308 1368 374 1408 cum
391 1348 427 1407 ab
444 1351 540 1428 equite
557 1349 689 1408 Romano
706 1349 856 1427 splendido
871 1356 900 1408 et
914 1350 993 1421 forti,

157 1427 196 1487 M.
206 1429 342 1504 Paconio,
354 1449 413 1488 non
429 1429 617 1507 impetrasset,
629 1436 662 1487 ut
676 1428 731 1487 sibi
747 1430 892 1487 insulam
884 1449 915 1486 ιιι
931 1393 995 1486 laod

156 1495 247 1567 Prilio
258 1509 400 1581 venderet,
410 1517 527 1587 repente
536 1509 691 1567 lintribus
683 1529 714 1566 ιιι
728 1527 793 1567 eam
801 1509 923 1566 insulam
937 1529 996 1566 ma-

156 1589 266 1661 teriem,
278 1589 393 1661 calcem,
405 1595 559 1660 caementa,
572 1607 651 1647 arma
670 1589 803 1647 convexit
819 1589 995 1666 dominoque
1054 1583 1060 1598 '
1077 1651 1079 1655 ,
1099 1645 1101 1650 .

157 1674 236 1726 trans
249 1669 342 1747 ripam
353 1669 530 1746 inspectante
541 1687 599 1726 non
611 1668 754 1726 dubitavit
765 1675 907 1727 exstruere
921 1669 996 1726 aedi·
1099 1673 1101 1678 “

157 1747 254 1807 ficium
268 1749 298 1806 in
313 1749 420 1807 alieno:
443 1748 489 1806 75.
505 1749 555 1825 qui
571 1748 638 1806 huic
655 1747 687 1806 T.
699 1749 844 1820 Furfanio,
856 1749 902 1806 cui
916 1749 996 1806 virol

158 1828 190 1886 di
202 1827 378 1886 immortales
387 1827 507 1905 l-quid
521 1828 598 1886 enim
612 1841 667 1906 ego
681 1829 717 1886 de
731 1828 897 1886 muliercula
911 1828 996 1886 Scan·

158 1908 207 1980 tia,
223 1908 292 1986 quid
311 1908 347 1966 de
367 1907 545 1965 adolescente
564 1907 597 1965 P.
610 1907 720 1984 Apinio
740 1908 853 1966 dicaml
874 1927 996 1985 quorum

158 1988 272 2065 utrique
296 1994 419 2045 mortem
444 1994 488 2045 est
511 1987 669 2059 minitatus,
687 1987 743 2044 nisi
766 1987 821 2045 sibi
845 1987 996 2045 hortorum

159 2067 336 2144 possessione
352 2066 592 2125 cessissent-sed
608 2085 709 2124 ausum
726 2086 785 2124 esse
802 2067 939 2124 Furfanio
956 2067 997 2123 di-

159 2165 230 2219 cere,
242 2147 266 2204 si
287 2147 342 2205 sibi
358 2147 517 2238 pecuniam,
529 2152 666 2223 quantam
686 2152 863 2224 poposcerat,
875 2165 934 2203 non
950 2146 998 2203 de-

159 2226 256 2298 disset,
271 2233 417 2284 mortuum
439 2245 469 2283 sc
489 2226 520 2283 in
543 2226 663 2282 domum
688 2226 749 2284 eius
771 2225 925 2296 illaturum,
942 2243 998 2302 qua

160 2306 270 2364 invidia
284 2305 351 2364 huic
368 2312 442 2364 esset
457 2305 548 2363 tali
522 2323 583 2366 viro
600 2304 852 2398 conflagrandum:
861 2324 924 2382 ·qu1
915 2303 998 2382 Ap

160 2386 242 2479 pium
258 2386 384 2456 fratrem,
399 2384 546 2443 hominem
566 2381 640 2442 mihi
656 2385 839 2442 coniunctum
860 2383 998 2441 fidissima

160 2466 260 2542 gratia,
278 2465 424 2523 absentem
449 2464 485 2522 de
505 2465 683 2542 possessione
705 2463 791 2522 fundi
806 2464 926 2521 deiecit:
948 2463 998 2540 qui

160 2545 299 2622 parictem
316 2545 356 2602 sio
372 2563 424 2622 per
437 2544 608 2602 vestibulum
626 2544 731 2620 sororis
746 2543 873 2601 instituit
886 2543 996 2613 ducere,

162 2625 202 2682 sic
223 2643 305 2702 agere
325 2624 521 2695 fundamenta,
533 2630 566 2681 ut
582 2643 708 2682 sororem
732 2643 791 2680 non
811 2622 899 2681 modo
916 2622 999 2680 vesti-

161 2702 230 2762 bulo
244 2704 375 2782 privaret,
387 2703 437 2761 sed
451 2722 531 2760 omnr
521 2703 625 2760 aditu
639 2709 668 2760 et
680 2703 787 2761 limine.
955 2727 956 2732 ¹

202 2782 346 2841 XXVIII.
384 2782 429 2841 76.
446 2781 559 2860 Quamq
560 2801 626 2840 uam
640 2781 710 2840 haec
727 2780 865 2875 quidem
857 2800 914 2840 ram
929 2780 999 2839 tole

162 2862 263 2920 rabilia
272 2862 407 2921 videbant
394 2868 449 2933 t,ur
461 2863 514 2920 etsi
529 2862 733 2955 aequabiliter
726 2880 756 2918 ιιι
771 2861 997 2938 rempublicam,

163 2943 193 2999 in
207 2943 361 3020 privatos,
353 2961 383 2998 1n
397 2941 598 3034 longinquos,
590 2961 621 2998 ιιι
637 2942 823 3034 propinquos,
835 2941 865 2997 in
882 2940 997 3010 alienos,

163 3023 193 3080 in
208 3041 274 3080 suos
287 3021 420 3092 irruebat,
432 3021 482 3078 scd
495 3021 659 3114 nescioquo
673 3020 780 3078 modo
772 3039 829 3078 ram
843 3039 897 3076 usu
911 3019 1000 3076 obdu-

163 3107 258 3159 ruerat
275 3108 304 3159 ct
320 3100 504 3178 percalluerat
521 3100 645 3159 civitatis
661 3099 835 3159 incredibilis
850 3098 997 3176 patientia

162 3179 244 3250 Quae
266 3199 332 3240 vero
360 3180 513 3238 aderant
505 3199 562 3237 ram
590 3187 620 3238 et
643 3178 856 3256 impendebant,
874 3195 999 3258 quonam
