2262 3418
135 133 182 180 172
268 130 339 182 PRO
356 131 386 181 T.
401 130 516 182 ANNIO
532 131 672 182 MILONE
689 130 831 183 ORATIO.

133 229 295 303 disturbari,
304 249 370 288 cum
381 230 527 288 audiretur
537 231 650 289 silentio
661 231 699 289 M.
709 231 829 304 Caelius,
840 231 972 290 tribunus

133 309 232 387 plebis,
242 309 285 366 vir
299 317 328 367 et
340 311 371 366 in
387 329 418 368 13
431 310 547 388 publica
559 311 733 369 fortissimus
750 311 823 369 etin
841 320 972 389 suscepta

133 408 217 446 causa
230 389 408 447 firmissimus
422 397 451 448 31
460 389 603 448 bonorum
614 391 754 448 voluntati
768 397 798 449 et
808 391 971 450 auctoritati

133 475 248 526 senatus
267 469 382 527 deditus
402 469 478 527 etin
498 470 552 528 hae
573 469 689 528 Milonis
709 471 768 528 sive
787 471 897 529 invidia
913 471 971 530 sive

133 548 251 606 fortuna
264 548 400 626 singulari
414 549 512 606 divina
525 556 555 607 et
568 549 728 608 incredibili
741 549 806 609 fide.

117 653 118 658 ¹
133 628 317 687 XXX.IV.
357 634 403 687 92.
422 627 501 686 Sed
493 648 551 686 ram
566 629 634 686 satis
647 619 739 687 mult'a
752 629 788 688 de
802 649 902 688 causa:
925 650 972 688 cx-

133 677 177 766 tra
190 727 304 766 causam
318 709 404 767 etiam
417 709 505 766 nimis
518 709 639 767 fortasse
653 709 751 767 multa
793 709 872 779 Quid
885 717 972 768 restat

133 788 188 845 nisi
202 794 236 846 ut
249 807 328 845 orem
345 787 526 866 obtesterque
540 808 599 861 vos,
611 788 728 881 iudices,
741 795 773 846 ut
787 795 850 847 eam
863 790 972 848 miseri-

133 868 260 925 cordiam
283 868 416 926 tribuatis
442 868 601 926 fortissimo
625 868 695 940 vire,
714 888 800 947 quam
825 869 887 946 ipse
911 888 971 926 non

132 943 276 1024 implorat,
292 966 346 1025 ege
367 948 454 1006 etiam
474 955 651 1026 repugnante
671 913 727 1006 hbe
748 955 777 1006 31
797 948 921 1026 1111111313
942 956 972 1006 31
1066 991 1072 999 .

133 1029 274 1105 exposcet
314 1027 344 1084 N
345 1027 454 1100 olrte
433 1047 457 1085 s1
471 1029 501 1085 in
518 1035 617 1086 nostro
632 1029 762 1086 omnium
778 1027 849 1086 fletu
862 1028 971 1086 nullam

79 1125 81 1130 ’
132 1106 278 1164 lacrimam
294 1108 443 1184 aspexistis
460 1107 617 1180 Milonis,
596 1128 620 1165 s1
637 1108 749 1165 vultum
766 1126 879 1186 semper
894 1127 972 1165 eum-

133 1187 207 1258 dem,
218 1187 242 1244 si
253 1207 361 1259 vocem,
372 1188 396 1246 si
407 1188 565 1246 orationem
576 1187 706 1246 stabilem
718 1207 750 1246 ae
760 1207 820 1245 non
831 1194 971 1246 mutatam

133 1267 244 1339 videtis,
259 1268 315 1325 hoc
335 1267 430 1325 minus
451 1268 478 1325 ei
493 1284 623 1344 parcere:
645 1267 723 1336 hand
740 1267 799 1324 seio
820 1287 856 1326 an
878 1268 971 1326 multo

133 1347 170 1405 sit
184 1347 270 1404 etiam
284 1346 461 1405 adiuvandus
474 1348 573 1425 magis.
616 1347 731 1406 Etenim
747 1348 771 1404 si
787 1347 817 1404 in
833 1347 976 1428 gladiato·⁴

132 1427 182 1484 riis
201 1427 307 1504 pugnis
330 1434 360 1485 31
379 1426 472 1484 infimi
495 1428 607 1505 generis
626 1428 778 1485 hominum
803 1427 971 1486 condicione

133 1513 219 1584 atque
238 1507 356 1565 fortuna
375 1507 494 1565 timidos
515 1514 600 1584 atque
621 1507 763 1584 supplices
782 1514 811 1565 et
828 1514 860 1564 ut
878 1507 971 1565 vivere

132 1585 216 1644 liceat
227 1586 406 1644 obsecrantes
419 1587 506 1645 etiam
520 1586 614 1646 odisse
627 1587 759 1659 solemus,
769 1586 859 1645 fortes
873 1587 972 1646 313111·

132 1685 229 1724 mosos
251 1674 280 1724 et
301 1686 330 1724 se
352 1667 454 1724 acriter
476 1667 555 1743 ipsos
578 1667 666 1724 morti
687 1667 839 1725 offerentes
862 1686 975 1726 servare·

133 1746 272 1823 cupimus,
284 1765 440 1823 eorumque
459 1765 513 1803 nos
528 1747 620 1824 magis
640 1747 763 1818 miseret,
776 1747 826 1824 qui
842 1753 970 1804 nostram

132 1826 356 1884 misericordiam
371 1845 431 1883 non
444 1826 600 1903 requirunt,
613 1845 699 1904 quam
713 1827 763 1904 qui
776 1826 855 1883 illam
866 1825 971 1904 effiagi-

132 1912 203 1977 tant,
216 1913 324 1982 quanto
338 1906 393 1964 hoc
413 1907 506 1982 magis
522 1906 552 1963 in
568 1906 733 1964 fortissimis
749 1905 860 1964 civibus
876 1906 970 1964 facere

133 1985 287 2045 debemus?
322 1992 368 2044 93.
384 1985 431 2044 Me
445 1985 570 2062 quidem,
581 1985 697 2058 iudices,
709 1986 873 2043 exanimant
887 1992 916 2043 et
928 1986 971 2042 in-

132 2065 271 2124 terimunt
290 2066 344 2124 hae
364 2085 448 2124 voces
465 2065 589 2137 Milonis,
605 2085 675 2143 quas
695 2065 781 2123 audio
801 2065 920 2123 adsidue
941 2073 971 2124 et

133 2145 248 2237 quibus·
264 2146 402 2205 intersum
430 2144 542 2203 cotidie.
584 2145 715 2216 Valeant,
736 2145 838 2222 inquit,
858 2145 970 2203 valeant

133 2225 208 2283 cives
224 2227 297 2284 mei:
320 2227 377 2284 sint
394 2225 559 2297 incolumes,
575 2225 632 2282 sint
648 2224 789 2296 florentes,
802 2225 860 2282 sint
876 2225 968 2283 beati:

133 2311 189 2363 stet
209 2305 279 2363 haec
299 2305 367 2363 urbs
387 2305 530 2398 praeclara
552 2304 681 2383 mihique
702 2304 795 2382 patria
816 2304 968 2376 carissima,

37 2407 41 2416 ¹
109 2439 112 2445 ,
134 2403 249 2461 1111311113
263 2385 351 2442 1113113
366 2387 420 2444 3111
432 2386 535 2443 11131113
548 2385 585 2442 de
601 2403 663 2442 me:
685 2383 838 2462 tranquilla
853 2403 883 2442 13
899 2384 971 2477 pub

132 2463 187 2521 lica
200 2465 257 2522 mei
271 2465 354 2537 cives,
365 2465 500 2542 quoniam
513 2465 587 2522 mihi
601 2484 667 2522 cum
681 2464 737 2522 illis
751 2483 809 2521 non
823 2463 930 2536 licet,'
909 2484 970 2522 srne

132 2562 179 2601 me
203 2544 266 2621 ipsi,
287 2544 337 2601 sed
359 2552 445 2621 propt
446 2564 476 2603 er
502 2565 549 2603 me
570 2553 667 2603 tamen
691 2545 889 2622 perfruantur:
915 2563 970 2620 ego

133 2623 232 2680 cedam
247 2630 333 2700 atque
343 2624 445 2682 abibo:
467 2644 491 2682 31
482 2625 574 2682 1111111
584 2625 661 2683 113113
673 2644 703 2682 13
716 2623 832 2702 publica
842 2623 900 2680 frui
911 2642 970 2680 non

132 2702 825 2798 113113111131331313133133111113111111111111111
847 2703 969 2794 tetigero

132 2781 205 2840 bene
223 2791 363 2840 moratam
382 2791 410 2841 et
427 2783 544 2842 liberam
565 2785 718 2857 civitatem,
733 2785 764 2841 in
785 2803 819 2842 ea
838 2783 971 2860 conquie-

133 2882 217 2921 scam.
261 2868 307 2921 94.
323 2863 350 2922 O
366 2864 480 2935 frustra,
496 2865 598 2956 inquit,
613 2865 686 2922 mibi
704 2863 829 2942 suscepti
842 2862 969 2921 labores!

133 2942 160 3000 O
181 2962 244 3019 spes
264 2942 379 3000 fallaces
400 2949 429 3000 et
447 2943 663 3020 cogitationes
656 2964 755 3002 manes
775 2944 887 3002 maaet
906 2943 970 3019 Ego

133 3029 225 3079 eumt
213 3021 345 3079 tribunus
360 3021 452 3098 plebis
467 3041 497 3079 re
514 3022 629 3098 publica
645 3043 780 3100 oppressa
797 3043 843 3081 me
860 3023 972 3081 senatui

133 3100 283 3171 dedissem,
294 3119 396 3176 quem
393 3101 564 3158 exstinctum
579 3121 749 3178 acceperam,
760 3104 905 3196 equitibus
915 3102 972 3159 Ro

133 3179 234 3250 manis,
250 3199 372 3255 quorum
393 3180 465 3237 vires
486 3188 566 3238 erant
590 3181 706 3255 debiles,
724 3182 809 3240 bonis
829 3184 905 3255 111113,
921 3182 972 3259 qui
