2240 3418
389 129 465 182 caP.
481 131 650 194 xla-xlv„
667 129 786 192 §ac-lo.
958 135 1008 184 215

167 231 240 314 quae
250 251 388 312 umquam
402 230 528 292 vetustas
544 233 646 292 obruet
660 240 710 293 aut
721 253 793 312 quae
806 240 888 293 tanta
901 234 1008 294 delebit

166 315 293 376 obliviol
320 313 398 383 Quid
409 314 445 372 de
454 314 559 383 virtute
567 314 628 372 eius
637 314 747 372 dicauit
764 314 1007 393 demagnitudine

166 397 263 466 animi,
275 395 424 473 gravitate,
436 394 614 452 constantia?
636 413 707 472 quae
722 413 822 452 omncs
832 395 911 453 docti
921 403 1007 474 atque

166 477 309 554 sapientes
326 493 446 546 summa,
459 474 576 552 quidam
591 475 678 532 etiam
693 474 754 533 sola
767 474 843 533 bona
856 494 916 533 esse
931 476 1008 534 dixe-

85 594 92 606 ·
165 564 241 627 runt,
254 556 356 634 hisque
372 575 431 612 non
448 554 537 612 modo
554 554 592 614 ad
607 554 688 627 bene,
700 555 751 613 sed
767 555 854 613 etiam
870 556 908 613 ad
924 555 1007 615 beate

164 637 320 694 vivendum
341 642 507 694 contentam
528 654 588 693 esse
608 635 753 694 virtutem.
777 641 842 700 ,38.
858 635 939 694 Haec
959 636 1007 695 ille

164 723 301 795 reputans
322 723 351 774 et
367 717 429 774 dies
444 722 601 793 noctesque
621 716 752 793 cogitans
771 733 831 773 non
847 716 936 774 modo
952 715 1007 774 tibi

164 815 224 854 non
241 803 501 856 suscenset-esset
516 797 594 854 enim
614 814 673 852 non
694 795 787 853 solum
804 796 941 873 ingratus,
957 796 1007 855 sed

165 877 253 934 etiam
267 895 505 934 amens—verum
516 895 631 934 omnem
642 875 878 953 tranquillitatem
890 883 918 934 et
930 877 1007 953 quie-

164 962 224 1013 tem
235 957 390 1014 senectutis
398 963 544 1033 acceptam
553 956 641 1014 refert
648 954 816 1014 clementiae
824 962 898 1014 tuae.
921 955 1004 1014 XIV.

164 1034 230 1104 Quo
250 1036 366 1113 quidem
388 1037 485 1094 animo
503 1056 570 1094 cum
589 1043 673 1094 antea
692 1036 751 1094 fuit
766 1043 828 1093 tum
849 1055 907 1093 non
926 1035 1007 1093 dubi·

164 1122 196 1174 to
210 1116 281 1192 quin
297 1116 356 1174 tuis
369 1116 479 1188 litteris,
491 1135 611 1193 quarum
628 1115 790 1194 exemplum
804 1116 870 1192 legi,
883 1135 953 1193 quas
969 1116 1006 1174 ad

164 1215 230 1254 eum
242 1195 401 1254 Tarracone
411 1196 478 1255 hnic
489 1195 634 1254 Blesamio
645 1195 758 1267 dedisti,
769 1215 798 1253 se
812 1195 905 1274 magis
918 1196 1005 1254 etiam

164 1276 284 1334 erexerit
298 1275 334 1334 ab
348 1276 484 1354 omnique
501 1275 693 1334 sollicitudine
709 1275 885 1334 abstraxerit
920 1275 1006 1334 Iubes

163 1355 242 1413 enim
262 1375 329 1413 eum
351 1354 423 1414 bene
445 1375 557 1433 sperare
577 1363 607 1414 et
627 1355 704 1414 bono
725 1375 786 1414 esse
806 1356 911 1427 animo,
927 1357 1006 1434 qnod

163 1436 223 1492 scio
237 1443 267 1493 te
281 1436 457 1493 nonfrustra
470 1435 591 1494 scribere
606 1436 703 1494 solere.
737 1435 857 1494 Memini
871 1436 948 1494 enim
959 1437 1006 1494 iis-

163 1515 230 1573 dem
244 1516 304 1573 fere
319 1512 411 1574 verbi's
425 1515 463 1573 ad
476 1535 522 1574 me
536 1522 566 1574 te
579 1516 700 1574 scribere
713 1534 817 1594 meque
830 1516 889 1574 tuis
902 1515 1005 1577 litteris

162 1595 236 1653 bene
257 1615 369 1673 sperare
388 1615 447 1653 non
463 1596 570 1653 frustra
589 1615 650 1654 esse
670 1596 787 1654 iussum.
808 1657 812 1665 ,
830 1601 876 1654 39.
892 1595 1004 1654 laboro
1075 1643 1077 1649 ,

162 1675 298 1752 equidem
318 1675 394 1753 regis
411 1675 542 1734 Deiotari
563 1695 654 1748 causa,
671 1695 795 1753 quocum
815 1675 888 1734 mihi
909 1677 1005 1734 arnici-

162 1756 234 1813 tiam
248 1775 292 1813 ros
306 1755 421 1833 publica
434 1756 605 1827 conciliavit,
616 1756 776 1834 hospitium
790 1756 922 1814 voluntas
936 1757 1005 1814 utri·

145 1855 252 1913 ¹usque
273 1836 431 1907 coniunxit,
446 1835 671 1894 familiaritatem
695 1836 874 1894 consuetudo
896 1836 1002 1908 attulit,

163 1934 305 1972 summam
321 1935 388 1974 vero
407 1915 646 1974 necessitudinem
662 1935 768 1993 magna
784 1916 845 1975 cius
863 1915 957 1974 officia
972 1917 1003 1973 in

121 2061 124 2066 ¹
161 2002 255 2053 meet
275 1996 306 2052 in
327 1996 483 2054 exercitum
500 2015 598 2053 meum
618 1995 791 2054 effecerunt:
812 1996 863 2055 sed
884 2015 950 2054 cum
967 1996 1003 2054 de

162 2075 213 2132 illo
229 2075 328 2133 laboro
346 2081 410 2150 tum
429 2076 466 2134 de
486 2075 586 2133 multis
602 2075 786 2152 amplissimis
807 2076 882 2148 viris,
899 2076 1003 2154 quibus

162 2155 249 2213 semel
274 2156 407 2233 ignotum
431 2174 448 2212 a
471 2162 501 2214 te
525 2175 585 2213 esse
609 2162 733 2233 oportet,
751 2173 804 2212 nec
830 2155 1002 2214 beneficium

161 2241 245 2292 tuum
259 2235 289 2292 in
303 2235 423 2293 dubium
438 2236 541 2307 vocari,
553 2255 606 2293 nec
619 2235 733 2294 haerere
747 2235 777 2292 in
793 2235 897 2293 animis
911 2235 1003 2293 homi-

161 2334 232 2372 nnm
260 2315 482 2374 sollicitudinem
509 2316 791 2393 sempiternam„nec
818 2315 945 2373 accidere
970 2322 1002 2374 ut

162 2395 312 2472 quisquam
329 2402 358 2453 te
374 2395 475 2472 timere
491 2395 611 2473 incipiat
628 2414 735 2467 eorum,
746 2394 796 2472 qui
812 2395 870 2453 sint
884 2395 1002 2454 semela

160 2481 190 2531 te
207 2474 318 2533 liberati
335 2475 446 2533 timore.
489 2480 536 2533 40.
552 2475 620 2533 Non
642 2474 782 2533 debeo'C.
795 2474 907 2547 Caesar,
923 2475 1001 2552 quod

160 2553 221 2612 fieri
249 2554 322 2612 solet
345 2556 375 2612 in
403 2555 492 2613 tantis
518 2556 659 2633 periculis,
677 2562 818 2634 temptam
842 2575 1000 2634 ecquonam

160 2634 249 2692 modo
267 2635 389 2692 dicendo
405 2635 629 2694 misericordiam
643 2642 723 2693 tuam
740 2655 920 2694 commovere
937 2655 1002 2712 pos-

160 2714 224 2772 sim.
262 2715 344 2772 Nihil
358 2735 431 2792 opus
445 2721 496 2774 est.
534 2715 687 2774 Occurrere
704 2715 777 2773 solet
791 2716 854 2794 ipsa
867 2715 1001 2793 supplici-

159 2792 214 2851 bus
236 2801 266 2852 et
288 2793 469 2866 calamitosis,
484 2795 590 2853 nullius
612 2796 741 2853 oratione
765 2803 889 2854 evocata
931 2795 1001 2852 Pro

159 2891 236 2951 pone
249 2873 304 2932 tibi
321 2874 394 2931 duos
408 2894 489 2952 reges
505 2883 535 2933 et
548 2876 579 2932 id
593 2876 690 2954 animo
707 2875 909 2953 contemplare,
922 2875 1000 2952 quod

128 2962 134 2970 ‘
160 2954 251 3011 oculis
270 2973 330 3012 non
350 2961 440 3031 potes.
483 2955 574 3013 Dabis
590 2956 721 3033 protecto
741 2956 772 3013 id
789 2955 999 3013 misericordiae

160 3033 239 3110 quod
253 3034 414 3092 iracundiae
429 3033 584 3112 denegasti.
627 3034 720 3092 Multa
733 3043 799 3093 sunt
812 3041 1001 3092 monumenta

160 3112 327 3171 clementiae
348 3121 422 3185 tuae,
438 3114 489 3172 sed
509 3116 634 3172 maxima
658 3133 756 3172 eorum
778 3115 998 3186 incolumitates,

160 3192 265 3271 quibus
279 3193 400 3252 salutem
411 3193 525 3253 dedisti.
567 3194 647 3264 Quae
661 3195 685 3252 si
700 3195 730 3251 in
744 3195 862 3272 privatis
875 3194 1001 3272 gloriosa
