2240 3418
351 555 398 634 ni
417 569 565 635 runnu
592 569 838 636 cronnours

170 659 215 826 ru
246 725 285 802 n.
306 725 543 803 Aurournn
571 725 732 803 orlno
760 667 1009 802 rnnn-nct

261 883 264 892 ·
396 850 574 940 ouum
605 849 784 926 unsrun.

417 1141 758 1193 ARGUMENTUM.

200 1240 274 1303 Quod
293 1240 330 1290 M.
341 1239 430 1290 Cicero
446 1255 504 1289 cum
521 1256 593 1304 saepe
610 1247 669 1290 ante
686 1249 739 1289 tum
756 1239 867 1290 oratione
883 1242 1009 1305 superiore

166 1305 221 1370 ipsa
231 1307 295 1356 effici
306 1305 425 1366 voluerat,
437 1315 465 1354 ut
477 1321 534 1354 cum
544 1289 586 1355 M.
594 1307 707 1355 Antonio
719 1306 769 1354 iam
781 1306 857 1354 armis
868 1317 907 1355 res
918 1309 1009 1356 transi-

129 1397 133 1404 ·
167 1382 273 1432 geretur,
284 1386 362 1434 nuper
373 1380 426 1420 erut
438 1386 464 1420 re
472 1386 531 1420 vera
539 1372 641 1420 fuctum.
670 1371 720 1420 Sed
728 1386 785 1419 cum
798 1370 841 1420 ille
852 1372 885 1421 A.
896 1372 1008 1422 Hirtium

166 1447 192 1486 et
206 1439 236 1487 C.
248 1438 381 1486 Caesarem
395 1436 585 1497 adolescentem,
597 1452 613 1484 a
626 1437 718 1499 quibus
735 1451 796 1498 quas
806 1436 862 1504 ,illis
878 1437 1008 1486 obtulisset

167 1502 404 1554 condicioneserant
412 1501 563 1564 repudiatae,
573 1516 587 1550 e
598 1503 686 1550 castris
694 1501 744 1550 suis
753 1501 876 1550 elicuisset
885 1516 934 1550 non
947 1503 1008 1554 satis

167 1577 266 1632 paratos
282 1582 373 1631 eosque
387 1567 435 1616 levi
448 1582 532 1630 pugne.
548 1567 678 1627 reiecisset,
688 1567 741 1616 eius
755 1566 830 1614 amici
844 1567 940 1615 Romae
953 1569 1008 1616 vul·

167 1643 286 1692 gutueram
298 1634 330 1682 Α.
342 1632 451 1681 Hirtium
462 1643 488 1682 et
499 1633 528 1682 C.
538 1633 672 1681 Caesarem
683 1633 749 1681 iusta
760 1647 843 1695 pugna
853 1646 908 1681 esse
918 1633 1004 1690 victos,

168 1697 220 1746 'tum
237 1699 272 1746 Μι
281 1698 428 1748 Ciceronem
443 1697 518 1746 minis
534 1698 641 1746 atrocius
658 1697 777 1760 persecuti
790 1707 869 1747 erant.
906 1697 1008 1747 Interea

167 1763 274 1811 Romam
288 1763 390 1811 nuntius
406 1764 438 1812 de
451 1763 544 1826 proelio
555 1763 588 1812 ad
603 1765 728 1812 Mutinam
741 1765 807 1812 iuter
822 1763 858 1812 M.
867 1762 1007 1812 Antonium

167 1838 192 1876 et
206 1829 271 1875 inter
285 1829 316 1876 Α.
328 1828 440 1876 Hirtium
454 1829 483 1877 Ο.
492 1830 602 1882 Pansam
614 1844 679 1879 coss.
689 1831 718 1879 Ο.
727 1830 862 1878 Caesarem
877 1844 922 1891 pro
936 1844 1007 1891 prae-

167 1900 220 1940 tore
232 1908 255 1940 a.
266 1891 290 1940 d.
301 1892 389 1941 XVII.
400 1892 458 1940 Kal.
470 1894 551 1942 Maius
567 1895 709 1955 commisso,
720 1895 746 1944 in
763 1909 814 1958 quo
831 1893 868 1944 M.
879 1895 1006 1943 Antonius

167 1965 221 2020 erat
232 1957 317 2016 victus,
327 1967 381 2005 erut
394 1956 498 2006 adlatus.
512 1959 549 2007 M.
559 1958 635 2018 igitur
648 1959 774 2008 Cornutus
784 1968 885 2022 praetor
897 1961 1006 2009 urbanus

167 2038 190 2071 a.
202 2022 226 2072 d.
237 2022 271 2071 X.
279 2021 406 2070 Kalendas
418 2021 501 2070 Maias
516 2021 613 2070 litteras
626 2024 659 2072 A.
672 2023 749 2072 Hirtii
765 2038 780 2072 e
797 2025 826 2084 C.
837 2025 936 2074 Punsue
952 2041 1006 2074 cas-

167 2087 212 2136 tris
223 2087 255 2136 de
266 2085 360 2150 proelio
374 2087 441 2134 sacto
455 2087 543 2134 missas
556 2087 581 2133 in
596 2097 683 2136 senatu
697 2088 811 2137 recitavit
822 2098 848 2138 et
859 2090 891 2138 de
905 2090 1006 2139 honori-

167 2153 214 2202 bus
228 2153 320 2201 ducum
337 2161 363 2200 et
379 2151 497 2214 praemiis
514 2150 622 2200 militnm
639 2152 742 2202 rettulit.
778 2153 828 2214 Qui
845 2155 881 2204 M.
892 2155 1006 2204 Antonio

167 2219 284 2268 favebant
294 2218 387 2267 bellum
398 2217 498 2266 finitum
509 2231 563 2266 esse
573 2217 672 2266 aiebant
686 2226 711 2266 et
719 2233 780 2278 saga
791 2219 938 2281 deponenda
948 2236 1006 2270 cen-

167 2285 263 2334 sebant.
299 2283 366 2343 Quos
380 2292 468 2332 contra
482 2282 517 2332 M.
529 2282 617 2331 Cicero
631 2283 686 2342 bac,
696 2297 760 2346 quae
773 2284 840 2332 inira
852 2285 945 2347 scripta
956 2297 1003 2347 est,

167 2349 279 2397 oratione
293 2349 329 2397 M.
339 2348 479 2397 Antonium
490 2359 516 2396 et
529 2347 644 2411 reliquos,
654 2349 696 2410 qui
708 2363 765 2396 cnm
778 2363 808 2397 eo
821 2359 911 2410 essent,
922 2351 1006 2402 hostes

166 2413 262 2476 patriae
273 2414 418 2462 indicandos
429 2413 557 2462 contendit
568 2422 594 2461 et
605 2412 759 2476 amplissima
768 2429 881 2476 quaeque
892 2416 918 2464 in
929 2417 1006 2466 duces

158 2473 194 2528 ὀἱ
205 2479 304 2540 milites,
314 2480 357 2542 qui
368 2493 421 2528 rem
432 2479 557 2542 publicam
569 2478 746 2540 defendissent,
754 2479 873 2530 decernit.

208 2612 231 2671 I.
264 2619 289 2672 1.
308 2613 348 2685 Sl,
359 2619 393 2671 ut
408 2633 444 2671 ex
459 2613 571 2685 litteris,
582 2632 654 2692 quae
670 2613 804 2674 recitatae
825 2621 900 2686 sunt,
911 2622 1007 2693 patres

167 2693 330 2771 conscripti,
343 2693 622 2752 sceleratissimorum
636 2693 764 2752 hostium
778 2694 933 2753 exercitum
947 2715 1008 2754 cae-

165 2791 233 2830 sum
244 2771 398 2850 fusumque
408 2773 540 2851 cognovi,
550 2774 590 2832 sio
600 2774 639 2845 id,
650 2773 728 2851 quod
736 2780 765 2832 et
774 2793 874 2833 omnes
882 2776 1007 2834 maxime

167 2859 302 2929 optamus
314 2859 389 2910 etex
403 2871 437 2910 ea
446 2853 572 2925 victoria,
583 2872 654 2930 quae
665 2861 747 2932 parta
760 2860 811 2932 est,
821 2862 1006 2913 consecutum

167 2931 346 3002 arbitramur,
360 2931 397 2994 D.
413 2931 536 2990 Bmtnm
551 2951 705 3010 ,egressum
730 2933 787 2992 iam
810 2933 922 2994 Mutina
946 2953 1006 2994 esse
1098 2939 1101 3016 ζ

164 3011 374 3088 cognovissem,
386 3019 503 3090 propter
523 3013 604 3070 ouius
620 3011 778 3089 pericnlum
797 3013 835 3071 ud
853 3032 921 3090 saga
940 3015 1007 3073 isse-
1097 3019 1100 3078 l

133 3141 142 3158 ,
166 3109 240 3161 mus,
252 3097 371 3167 propter
386 3091 512 3149 eiusdem
530 3091 649 3150 salntem
667 3091 845 3151 redeundum
861 3093 898 3152 ad
911 3094 1007 3171 pristi-

164 3187 237 3231 num
247 3171 382 3228 vestitum
396 3171 457 3228 sine
471 3170 532 3230 nlla
541 3170 721 3230 dubitatione
734 3191 887 3234 censerem.
903 3233 906 3238 .
927 3173 1006 3238 Anto
