2262 3418
332 127 569 206 CAP.'XXVI11.,
582 143 695 209 xxm,
711 140 726 206 s
741 141 830 198 reso.
960 149 1009 199 rer

167 241 246 301 mine
259 241 369 300 furioso
385 243 463 320 quod
476 242 521 300 ius
536 251 689 321 perpetuae
703 244 890 322 possessionis
903 246 1008 306 habere

188 322 347 380 otuissenti

164 342 187 456 ,Ρ
206 401 321 459 XXIX.
338 401 368 458 N
367 421 406 459 on
419 401 517 474 timeo,
530 402 645 476 iudices,
657 422 694 462 ne
707 404 776 462 odio
790 405 1007 464 inimicitiarum

166 501 294 540 mearum
304 480 498 539 inflammatus
511 481 646 540 libentius
656 482 726 542 haee
740 484 770 541 in
781 484 861 541 illum
876 505 1007 545 evomere

166 562 264 619 videar
280 580 366 638 quarn
383 561 483 619 verius.
526 561 642 619 Etenim
663 563 718 620 etsi
738 564 924 641 praecipuum
945 585 1006 624 esse

166 640 297 716 debebat,
308 648 406 698 tamen
422 640 464 697 ite
479 642 640 699 communis
657 647 717 700 erat
734 643 864 700 omnium
881 644 928 702 illc
942 644 1007 703 hos-

164 721 211 792 tis,
223 728 257 779 ut
272 721 303 776 in
320 719 467 778 communi
484 721 551 778 odio
568 739 659 797 paene
679 721 833 800 aequaliter
849 731 1007 783 versaretur

165 799 264 858 odium
289 819 395 858 meum.
438 799 504 858 Non
527 806 624 878 potest
648 801 705 859 dici
728 802 804 874 satis,
824 821 861 860 ne
885 801 1005 880 cogitari

165 879 290 957 quidem,
301 886 441 956 quantum
454 880 485 937 in
499 879 549 937 illo
566 879 685 953 sceleris,
696 888 836 958 quantum
850 882 929 940 exitii
944 883 1005 941 fue-

163 959 209 1018 rit
253 959 299 1017 ts.
322 958 399 1028 Quin
420 960 460 1017 sic
481 959 630 1032 attendite,
642 961 759 1019 iudices
802 961 914 1038 Nempe
934 961 1004 1022 haec
1088 1013 1092 1022 .

164 1045 208 1096 est
222 1040 350 1116 quaestio
367 1038 403 1097 de
417 1039 535 1097 interitu
549 1039 582 1098 P.
593 1039 696 1098 Clodii.
733 1041 847 1118 Fingite
860 1042 1004 1099 animis-

163 1117 268 1176 liberae
282 1125 349 1176 sunt
360 1120 438 1177 enim
448 1126 562 1177 nostrae
576 1120 766 1197 cogitationes
780 1128 810 1178 et
821 1140 892 1199 quae
903 1121 1004 1181 volunt

163 1199 203 1255 sic
214 1198 369 1271 intuentur,
379 1206 415 1257 -ut
424 1219 459 1258 ea
468 1200 617 1271 cernimus,
631 1218 703 1277 quae
713 1198 890 1274 videmus-‚
902 1200 1003 1278 fingite

162 1277 251 1354 igitur
260 1278 438 1356 cogitatione
451 1279 608 1356 imaginem
618 1278 704 1358 huius
715 1279 893 1337 condicionis
906 1299 1001 1340 meae:

163 1358 187 1414 si
203 1359 311 1435 possim
332 1357 441 1416 efficere
462 1367 496 1417 ut
511 1357 649 1416 Milonem
670 1357 831 1431 absolvatis,
847 1359 897 1417 sed
913 1360 961 1432 ita,
978 1362 1002 1420 si

161 1435 195 1495 P.
211 1437 331 1495 Clodius
354 1438 495 1497 revixerit.
517 1482 524 1497 .
547 1480 554 1497 .
577 1482 584 1497 .
606 1437 684 1507 Quid
704 1437 786 1496 vultu
810 1439 1002 1500 extimuistisl

162 1535 288 1594 quonam
303 1518 392 1575 modo
409 1517 457 1576 ille
470 1537 521 1576 vos
534 1518 617 1576 vivus
630 1517 772 1589 adficeret,
785 1537 857 1595 quos
870 1526 1002 1578 mortuus

160 1597 239 1656 inani
253 1597 428 1675 cogitatione
438 1599 595 1675 percussiti
629 1597 724 1667 Quint
745 1597 769 1655 si
779 1597 907 1676 ipschn.
916 1598 1002 1658 Pom-

160 1677 250 1753 peius,
266 1678 315 1755 qui
336 1696 369 1735 ea
388 1678 495 1736 virtute
516 1678 683 1736 acfortuna
703 1684 754 1751 est,
769 1684 803 1737 ut
823 1696 856 1735 ea
874 1681 1001 1756 potuerit

160 1773 279 1834 semper,
292 1776 364 1835 quae
385 1775 471 1814 nemo
493 1765 606 1835 praeter
624 1757 714 1830 illum,
726 1757 750 1815 si
767 1757 800 1829 is,
812 1758 939 1836 inquam,
950 1778 1001 1837 po-

129 1875 131 1879 s
159 1836 261 1894 tuisset
274 1842 324 1894 aut
341 1837 537 1914 quaestionem
551 1837 588 1895 de
600 1844 694 1896 morte
707 1837 741 1895 P.
751 1837 847 1895 Clodii
861 1839 936 1896 ferre
949 1847 1001 1898 aut

158 1915 254 1992 ipsum
267 1915 304 1973 ab
314 1916 414 1974 inieris
429 1917 559 1988 excitare,
571 1923 668 1974 utrum
679 1918 787 1995 putatis
797 1918 895 1995 potius
909 1917 1001 1978 iaetu·

158 2014 222 2052 rum
236 1995 344 2054 fuisset
378 1995 474 2053 Etiam
486 1996 510 2053 si
523 1991 642 2074 propter
655 1997 811 2054 amicitiam
821 1997 907 2055 vellet
917 1997 999 2056 illum

158 2073 194 2131 ab
204 2075 305 2133 inferis
315 2093 439 2147 evocare,
449 2083 568 2153 propter
576 2094 637 2133 rem
648 2076 792 2152 publicam
803 2095 863 2134 non
874 2077 996 2136 fecisset

152 2145 227 2212 Eius
240 2155 329 2234 igitur
341 2155 444 2212 mortis
461 2154 566 2214 sedetis
579 2154 693 2227 ultores,
706 2155 787 2213 cuius
800 2156 890 2213 vitam
906 2155 930 2213 si
946 2175 999 2234 pu·

156 2234 224 2291 tetis
235 2254 286 2311 per
296 2253 346 2292 vos
356 2235 469 2292 restitui
479 2253 572 2312 posse,
583 2235 690 2307 nolitis,
700 2242 729 2292 et
739 2235 776 2292 de
786 2235 847 2292 eius
859 2253 929 2293 neoc
939 2236 998 2294 lata

157 2315 286 2391 quaestio
300 2320 352 2386 est,
364 2315 449 2392 quisi
463 2314 563 2373 eadem
573 2315 636 2392 lege
646 2315 811 2372 reviviscere
821 2321 926 2392 posset,
939 2314 997 2374 lata

155 2393 201 2451 lex
215 2412 372 2472 numquam
387 2401 468 2452 esset
504 2394 601 2452 Huius
613 2411 682 2472 ergo
693 2393 861 2452 interfector
874 2394 898 2451 si
912 2402 994 2468 esset,

155 2472 186 2529 in
207 2472 371 2531 confitendo
391 2473 427 2531 ab
443 2474 516 2532 iisne
531 2493 655 2552 poenam
671 2474 794 2544 timeret,
810 2492 882 2551 quos
897 2473 997 2533 libera·
1057 2473 1059 2476 ’

154 2551 259 2611 vissetl
290 2559 336 2611 80.
348 2553 450 2611 Gracci
460 2553 592 2612 homines
602 2553 721 2611 deorum
731 2553 854 2612 bonores
864 2553 996 2612 tribuunt

154 2631 190 2689 iis
210 2632 286 2706 viris,
302 2632 353 2710 qui
376 2639 514 2710 tyrannos
537 2639 717 2691 necaverunt
754 2631 835 2703 Quae
859 2652 913 2710 ego
935 2634 995 2692 vidi

153 2711 295 2770 Athenis!
312 2731 385 2790 quae
399 2712 461 2770 aliis
475 2714 505 2770 in
516 2713 635 2771 urbibus
645 2712 796 2771 Graeciaei
814 2731 884 2792 quas
898 2732 943 2771 res
953 2713 995 2770 di·

153 2791 234 2848 vinas
250 2791 355 2850 talibus
371 2793 517 2850 institutas
532 2793 615 2851 ririsl
637 2811 710 2870 quos
726 2799 834 2865 cautus,
847 2811 920 2870 quae
936 2811 994 2851 car-
1025 2805 1028 2812 ’

152 2871 250 2928 mina!
278 2890 369 2949 prope
395 2872 433 2929 ad
456 2872 681 2930 immortalitatis
708 2878 738 2930 et
765 2871 933 2950 religionem
963 2877 993 2930 et

152 2951 321 3009 memoriam
339 2958 546 3010 consecrantur.
588 2951 652 3011 Vos
670 2952 745 3010 tanti
760 2958 992 3009 conservatorem

152 3029 262 3107 populi,
275 3031 350 3088 tanti
371 3030 482 3088 sceleris
502 3031 624 3089 ultorem
645 3049 704 3088 non
725 3031 813 3088 modo
833 3029 992 3088 honoribus

152 3108 238 3168 nullis
254 3109 400 3183 adficietis,
416 3110 467 3168 sed
483 3111 570 3168 etiem
587 3110 624 3168 ad
638 3110 810 3188 supplicium
826 3110 889 3188 rapi
902 3111 992 3188 patie-

151 3189 243 3248 minii
276 3189 476 3263 (imitaretur,
487 3189 678 3263 confiteretur,
689 3191 816 3268 inquam,
828 3190 853 3248 si
865 3190 989 3263 fecisset,
