2262 3412
128 129 161 178 20
236 129 286 178 DE
303 126 456 179 IMPERIO
473 126 528 178 CN.
541 125 694 178 POMPEII
711 125 853 179 ORATIO.

126 229 250 299 diomm,
263 246 385 305 qnorum
401 247 491 306 usque
507 227 544 286 ad
557 234 684 286 nostram
700 229 868 286 memoriam
882 227 965 288 disci-

127 309 207 387 plina
216 308 323 367 navalis
334 315 364 366 et
373 307 465 385 gloria
477 308 621 379 remansit,
634 327 706 385 quae
716 308 816 366 civitas
826 329 964 387 umquam

128 394 212 447 antea
221 395 281 445 tam
295 388 397 459 tenuis,
408 395 468 446 tam
479 406 565 464 parva
575 388 668 444 insula
676 388 734 445 fnit
746 407 818 465 quae
831 407 890 446 non
900 409 965 468 por-

78 499 81 504 ν
127 474 174 527 tus
188 487 255 525 suos
271 474 300 525 et
316 487 400 544 agros
416 475 445 525 et
461 467 586 545 aliquam
602 474 712 544 partem
733 467 858 545 regionis
878 476 964 546 atque
1008 530 1010 534 ,

78 591 80 596 .
127 566 193 606 orae
209 546 368 606 maritimae
381 567 433 624 per
448 566 478 604 se
494 547 557 624 ipsa
570 547 754 606 defenderetl
795 546 836 605 At
849 547 964 608 hercule
1024 547 1027 550 ’
1125 537 1129 546 ’

126 627 237 704 aliquot
260 646 350 684 annos
372 627 524 684 continuos
547 633 613 684 ante
633 626 727 705 legem
742 626 895 685 Gabiniam
916 628 963 687 ille

125 706 250 786 populus
271 705 426 778 Romanus,
441 707 522 763 ouius
541 725 631 784 usque
649 706 685 763 ad
706 712 833 763 nostram
856 726 964 766 memo·

89 827 96 840 .
126 787 197 843 riam
218 805 324 844 nornen
339 786 479 843 invictum
496 787 527 843 in
547 785 694 844 naualibus
713 786 819 864 pugnis
834 805 962 863 perman-

126 866 201 937 serit,
213 885 319 942 magna
331 885 364 923 ac
377 865 470 924 multo
483 866 610 923 maxima
619 872 699 942 parte
713 884 772 923 non
785 866 875 924 modo
888 867 964 924 utili·

125 945 201 1016 tatis,
220 945 270 1002 sed
291 945 441 1022 dignitatis
464 951 550 1023 atque
570 945 683 1022 imperii
707 945 816 1003 caruit:
839 951 884 1004 55.
900 965 961 1019 nos,

126 1044 247 1102 quorum
261 1025 383 1082 maiores
396 1022 574 1083 Antiochum
589 1044 685 1102 regem
699 1024 786 1082 classe
800 1024 963 1104 Persenque

125 1111 301 1182 superarunt,
317 1104 507 1182 omnibusque
524 1104 673 1162 navalibus
688 1105 794 1182 pugnis
810 1104 964 1183 Karthagi-

124 1184 245 1256 nienses,
256 1184 388 1242 homines
404 1184 435 1241 in
449 1184 600 1242 maritimis
616 1184 700 1242 rebus
714 1184 963 1243 exercitatissimos

124 1265 383 1342 paratissimosque,
399 1265 535 1336 vicerunt,
550 1265 572 1321 ii
588 1264 666 1322 nullo
683 1264 714 1321 in
730 1264 794 1322 loco
810 1265 869 1323 iam
884 1284 964 1343 prae-

125 1343 248 1402 donibus
268 1363 350 1422 pares
371 1363 430 1402 esse
451 1350 631 1422 poteramus:
652 1363 714 1415 nos,
730 1343 780 1422 qui
800 1350 884 1402 antea
903 1364 962 1402 non

124 1424 212 1481 modo
223 1423 335 1482 Italiam
350 1430 443 1481 tutam
458 1423 640 1494 habebamus,
651 1423 702 1481 sed
711 1443 812 1482 omnes
826 1424 918 1482 socios
931 1425 962 1482 in

124 1502 234 1562 ultimis
244 1503 301 1560 oris
312 1503 480 1561 auctoritate
490 1504 581 1561 nostri
594 1503 708 1580 imperii
718 1503 810 1561 salvos
820 1511 964 1581 praestare

123 1590 296 1660 poteramus,
308 1589 380 1654 tum,
392 1602 457 1641 cum
474 1583 566 1640 insula
581 1582 679 1655 Delos,
690 1590 750 1641 tam
764 1583 864 1661 procul
881 1603 898 1641 a
913 1603 963 1643 no

123 1661 214 1720 bisin
229 1662 345 1740 Aegaeo
362 1663 433 1734 mari
450 1663 552 1741 posita,
565 1682 622 1740 quo
637 1682 736 1721 omnes
752 1662 880 1740 undique
896 1683 963 1721 cum

123 1742 266 1800 mercibus
274 1749 360 1820 atque
369 1743 502 1800 oneribus
513 1742 719 1814 commeabant,
730 1743 835 1800 referta
843 1743 963 1816 divitiis,

123 1841 218 1900 parva,
230 1823 291 1880 sine
304 1834 396 1894 muro,
408 1822 480 1880 nihil
490 1822 619 1894 timebat,
631 1821 720 1880 iidem
730 1842 789 1880 non
799 1823 888 1882 modo
899 1843 964 1901 pro·
1018 1835 1021 1842 '

123 1902 224 1960 vinciis
244 1909 331 1980 atque
352 1903 409 1960 oris
423 1901 522 1960 Italiae
539 1902 690 1960 maritimis
710 1922 743 1960 ac
756 1902 897 1980 portubus
914 1923 964 1961 no-

124 1982 197 2053 stris,
210 1983 259 2040 sed
274 1983 359 2040 etiam
371 1977 469 2060 Appia
478 1983 536 2040 iam
547 1983 594 2040 via
606 1981 785 2041 carebamus:
807 1989 837 2040 et
846 1983 882 2040 iis
892 1989 964 2043 tem-

123 2062 241 2140 poribus
258 2082 316 2120 non
332 2062 460 2139 pudebat
476 2062 660 2139 magistratus
676 2062 777 2140 populi
791 2061 916 2121 Romani
932 2064 963 2121 in

122 2141 200 2200 hunc
216 2143 312 2220 ipsum
327 2142 423 2200 locum
440 2142 597 2214 escendere,
610 2145 676 2200 'cnm
693 2161 759 2200 eum
775 2142 860 2200 uobis
875 2143 964 2201 maio·

123 2241 168 2288 res
188 2223 278 2280 nostri
299 2223 408 2281 exuviis
427 2222 550 2281 nauticis
570 2229 600 2281 et
616 2221 748 2281 classium
768 2223 867 2301 spoliis
884 2242 964 2282 orna·

124 2308 186 2360 tum
200 2301 387 2380 reliquissent.

163 2381 247 2440 XIX.
280 2388 327 2440 56.
344 2381 429 2440 Bono
443 2388 472 2440 to
486 2381 964 2461 animotum,Q,H01tensi,popu-

1 2428 14 2478 ¹*
122 2461 167 2520 lus
178 2461 325 2520 Romanus
338 2469 368 2520 et
378 2470 494 2534 ceteros,
508 2463 557 2541 qui
569 2469 649 2520 crant
660 2463 690 2518 in
702 2462 802 2520 cadem
813 2465 962 2536 sententia,

123 2540 217 2600 dicere
230 2542 405 2600 existimavit
418 2562 459 2614 aa,
472 2561 544 2620 quae
558 2541 741 2600 sentiebatis:
764 2543 815 2600 sed
825 2544 964 2602 tamenin

124 2620 214 2679 salute
234 2623 381 2680 communi
397 2622 474 2680 idem
493 2622 617 2700 populus
633 2622 781 2680 Romanus
802 2622 895 2681 dolori
912 2643 964 2682 suo

123 2700 225 2760 maluit
239 2721 325 2779 quam
336 2702 498 2760 auctoritati
509 2709 618 2760 vestrae
629 2701 833 2780 obtemperare.
863 2703 965 2782 Itaque

123 2799 181 2838 una
194 2780 247 2852 lex,
259 2800 333 2838 unus
346 2781 397 2852 vir,
409 2801 484 2839 unus
499 2801 592 2842 annus
607 2801 666 2839 non
680 2783 769 2841 modo
783 2803 837 2841 nos
851 2784 900 2842 illa
912 2785 965 2841 mi-

124 2860 196 2918 seria
209 2880 242 2918 ac
252 2861 431 2938 turpitudine
441 2861 580 2932 liberavit,
593 2861 741 2920 sedetiam
757 2863 860 2936 effecit,
872 2871 906 2922 ut
916 2864 965 2921 ali-

124 2940 239 3018 qnando
256 2959 320 2999 vere
337 2940 498 2998 videremur
514 2942 648 3000 omnibus
668 2943 803 3020 gentibus
824 2963 857 3000 ac
873 2944 964 3001 natio

123 3019 208 3077 nibus
222 3026 297 3079 terra
312 3020 440 3096 marique
457 3021 604 3097 imperare.
642 3021 687 3080 st.
704 3021 769 3091 Quo
785 3021 858 3078 mihi
876 3023 963 3080 ctiam

123 3099 271 3175 indignius
290 3099 404 3168 videtur
424 3099 616 3158 obtrectatum
637 3119 697 3158 esse
718 3100 820 3171 adhuc,
838 3100 964 3158 Gabinio
1032 3155 1036 3164 ,

125 3177 217 3238 dicam
232 3198 305 3240 anne
315 3179 465 3257 Pompei0,
477 3198 514 3237 an
527 3180 650 3258 utrique,
665 3179 696 3238 id
711 3180 789 3258 qnod
803 3186 847 3240 est
860 3181 962 3254 verim,
