2240 3418
408 107 755 177 'car.111.-V.‚§an.
810 111 812 114 ·
957 113 1006 166 ιιι
1046 97 1052 112 “

164 215 389 275 decernendae..
408 215 466 274 Sed
486 215 541 274 hoe
561 215 688 294 primurn
708 215 821 286 faciam,
833 215 894 272 ut
886 234 1006 293 rmpera·

163 303 241 355 tores
233 296 395 388 appellem
407 315 456 354 eos
457 315 597 386 ,quorum
605 295 719 367 virtute,
729 258 858 367 consilia,
867 294 1005 353 felicitate

163 375 298 433 maximis
313 375 447 453 periculis
468 374 613 434 servitutis
633 381 742 467 atque
739 375 873 432 interitus
893 373 1005 433 liberati

164 475 270 513 sumus.
308 455 424 513 Etenim
439 455 486 513 cui
500 454 604 532 viginti
617 453 663 511 his
676 453 759 512 aunis
773 453 946 546 supplicatio
958 454 1006 512 de-

164 542 242 593 creta
257 541 310 605 est,
322 541 354 593 ut
368 547 427 593 non
441 535 598 612 imperator
610 534 800 612 appellaretur
813 541 863 592 aut
876 533 1006 592 minimis

164 614 248 673 rebus
268 614 357 691 gestis
377 621 427 673 aut
447 614 614 706 plerumque
634 613 739 672 nullis?
775 611 868 682 Quam
885 613 923 670 ob
943 633 1005 671 rem

164 701 214 751 aut
228 694 400 772 supplicatio
414 693 450 752 ab
464 713 507 766 eo,
518 694 568 771 qui
582 700 648 751 aute
662 693 744 765 dixit,
754 692 933 750 decernenda
946 712 1005 750 uon

164 774 222 831 fuit
232 781 283 832 aut
293 773 414 832 usitatus
424 773 517 832 honos
527 773 767 851 pervulgatusque
778 772 978 831 tribuendus‘'
960 789 1003 845 rra,

165 851 269 930 quibus
285 853 373 911 etiam
390 854 458 911 novi
472 853 685 931 singularesque
700 852 847 911 debentur.
889 852 926 910 V.
958 858 1003 910 12.

164 933 212 990 Au
230 933 255 990 si
271 933 336 1011 quis
352 933 549 1010 Hispanorum
566 941 615 992 aut
631 932 779 990 Gallorum
796 938 846 990 aut
861 931 1005 990 Threcum

164 1012 242 1071 mille
253 1019 303 1070 aut
311 1012 370 1071 duo
380 1013 461 1082 milia
470 1012 629 1084 occidisset,
637 1011 718 1070 illum
726 1011 780 1070 hac
789 1011 1003 1083 consuetudine,

165 1111 238 1170 quae
255 1092 404 1164 increbuit,
417 1093 619 1170 imperatorem
636 1091 791 1170 appellaret
808 1098 938 1150 senatus:
960 1098 1006 1150 tot

60 1203 64 1210 ·
165 1171 326 1250 legionibus
349 1173 446 1244 caesia,
461 1179 543 1230 tanta
562 1171 749 1230 multitudine
772 1171 900 1229 hostium
920 1171 1006 1229 inter·

165 1251 409 1311 fecta—hostium
426 1252 510 1311 dicol
530 1253 579 1323 ita,
590 1252 717 1330 inquam,
728 1250 865 1323 hostium,
875 1251 1005 1328 quamvis

165 1331 220 1390 hoo
237 1331 286 1389 isti
305 1331 404 1391 hostes
420 1332 572 1391 domestici
588 1332 690 1404 nolint,
702 1331 864 1390 clarissimis
884 1330 1005 1389 ducibus

166 1411 409 1490 supplicationum
422 1473 425 1478 ,
436 1412 575 1471 honorem
602 1411 769 1482 tribuemus,
786 1411 1005 1489 imperatorium

165 1511 271 1550 nomeu
295 1492 473 1551 adimemusl
513 1490 629 1561 Quanto
653 1492 730 1550 enim
754 1491 871 1562 honore,
886 1491 1003 1562 laetitia,

165 1572 355 1650 gratulatione
372 1572 402 1629 in
419 1571 474 1630 hoo
490 1572 630 1650 templum
645 1570 757 1649 ingredi
774 1570 880 1630 debent
893 1570 935 1628 illi
949 1570 1005 1649 ipsi

165 1651 256 1710 huius
263 1651 342 1710 urbis
356 1652 529 1723 liberatores,
538 1671 604 1710 cum
618 1650 751 1710 hesterno
768 1651 815 1708 die
828 1657 946 1787 propter
959 1670 1005 1708 eo
1084 1693 1088 1704 .

165 1751 229 1790 rum
246 1751 290 1790 res
306 1739 402 1810 gestas
418 1751 465 1790 me
482 1738 615 1790 ovantem
632 1738 662 1789 et
674 1750 765 1809 prope
779 1731 886 1807 triump
908 1737 1004 1788 antem

165 1811 290 1890 populus
307 1811 455 1869 Romanus
478 1811 509 1869 in
529 1811 704 1888 Capitolium
727 1810 815 1869 domo
835 1811 941 1881 tulerit,
956 1811 1006 1868 do-

165 1910 246 1948 mum
262 1890 330 1950 inde
345 1891 509 1950 reduxeritl
550 1896 596 1948 13.
612 1891 641 1948 Is
657 1891 734 1948 enim
751 1891 866 1949 demum
885 1897 928 1948 est
941 1909 1006 1948 mea

166 1969 282 2048 quidem
294 1972 435 2029 sententia
442 1971 534 2029 iustus
542 1969 706 2046 triumphus
716 1988 749 2027 ac
759 1989 849 2041 verus,
857 1989 923 2028 cum
932 1969 1005 2029 bene

166 2051 202 2108 de
215 2069 246 2108 re
259 2050 375 2128 publica
390 2051 500 2109 meritis
512 2049 711 2108 testimonium
725 2068 742 2106 a
755 2065 895 2107 consensu
908 2050 1006 2108 civita·

166 2131 204 2189 tis
218 2130 267 2192 dat
254 2139 310 2192 t.ur
348 2129 460 2190 Nam
439 2150 497 2188 srva
511 2130 542 2188 iu
556 2147 703 2188 commum
694 2128 823 2206 'gaudio
837 2129 938 2207 populi
948 2128 1005 2187 Ro

165 2211 244 2268 mani
261 2210 311 2268 uui
329 2210 554 2296 gratulabantur,
566 2227 702 2302 magnum
719 2207 900 2279 iudiciums
879 2228 937 2266 srvc
954 2209 1005 2266 uni

166 2290 271 2367 gratias
288 2289 419 2367 agebant,
431 2309 466 2348 eo
482 2290 583 2360 maius,
596 2290 654 2346 sive
668 2295 829 2366 utrumque,
841 2252 913 2345 nihil
926 2307 1006 2366 mag-
1057 2347 1064 2364 ,

166 2369 327 2428 nificeutius
341 2369 496 2447 excogitari
509 2376 613 2461 potest.

174 2448 272 2507 T·u
264 2449 373 2526 igitur
359 2469 441 2542 rpse
440 2449 477 2507 de
490 2450 538 2507 tel
559 2447 663 2507 dixerit
676 2447 826 2526 quispiam
861 2447 1004 2525 Equidem

166 2528 281 2600 invitus,
294 2529 365 2586 sed
357 2529 477 2587 iniuriae
491 2528 573 2587 dolor
586 2528 657 2587 facit
671 2547 717 2585 me
731 2534 842 2605 praeter
855 2535 1005 2586 consuetu-

167 2606 264 2692 dipem
288 2608 453 2701 gloriosum.
495 2608 599 2667 Nonne
624 2609 692 2666 satis
716 2615 760 2666 est
779 2607 815 2665 ab
839 2607 1005 2666 hominibus

167 2679 301 2746 vi'rtutis'
293 2689 400 2765 rgnaris
413 2688 535 2766 gratiam
548 2687 807 2747 benemerentibus
820 2706 878 2745 nou
889 2688 1005 2745 referri?

166 2765 291 2825 Etiam
283 2787 315 2825 m
335 2787 392 2840 eos,
405 2768 455 2845 qui
471 2787 571 2826 omues
587 2787 652 2826 suas
670 2787 750 2826 curas
770 2767 800 2824 in
817 2767 870 2825 rei
874 2766 1005 2844 publicae

167 2846 257 2905 salute
271 2846 578 2926 deligunt‚1mpensius
592 2848 699 2905 crimen
713 2846 877 2924 invidiaque
892 2866 1006 2924 quaere·

166 2928 232 2984 turl
264 2932 309 2986 14.
323 2926 408 2985 Scitis
419 2928 495 2985 enim
507 2947 558 3006 per
568 2927 622 2985 hos
632 2927 693 2985 dies
704 2927 905 2985 creberrimum
916 2926 1004 2984 fuisse

167 3025 336 3078 sermonem,
349 2993 394 3064 me
408 3006 558 3078 Parilibus,
571 3026 620 3084 qur
612 3006 695 3065 dies
708 3006 795 3064 hodie
809 3013 860 3078 est,
870 3026 935 3064 cum
949 3007 1005 3064 fas·
1108 3033 1110 3040 v

167 3085 248 3144 cibus
262 3086 471 3145 descensurum.
514 3086 548 3143 In
563 3085 686 3163 aliquem
700 3086 785 3144 oredo
800 3085 854 3144 hoc
868 3085 1005 3163 gladiato·
1108 3127 1110 3154 ς

168 3183 228 3222 rem
248 3172 298 3223 aut
313 3165 453 3224 latronem
474 3172 524 3223 aut
540 3164 693 3222 Catilinam
714 3181 774 3223 esse
791 3165 934 3239 collatum,
946 3183 1004 3223 non
1107 3209 1110 3255 ἒ
