2240 3418
80 83 87 94 ’
128 93 178 144 280
206 92 245 142 ΙΝ
258 91 295 142 M.
308 90 503 142 ANTONIUM
515 91 650 142 ORATIO
664 90 876 142 PHILIPPICA
888 91 963 144 XIV.

127 193 158 251 in
178 212 254 264 eum,
266 192 316 270 qui
336 211 372 251 ne
394 192 464 270 quid
483 191 540 251 tale
560 192 590 250 in
612 211 642 250 re
662 191 778 270 publiea
793 191 854 249 fieri
869 199 967 270 posset

127 273 262 331 effecerit.
298 271 348 330 Au
362 280 395 331 ut
409 291 472 349 ego,
484 272 534 350 qui
548 271 702 340 Catilinam
716 271 787 330 hacc
800 272 968 330 molientem
1063 285 1064 288 ’

128 351 299 422 sustulerim,
311 352 469 422 everterim,
481 351 649 422 addixerim,
660 352 722 429 ipse
743 351 907 409 exsisterem
927 371 969 410 re·

97 449 98 453 ’
127 439 214 510 pente
228 431 372 490 Catilinal
412 430 524 500 Quibus
538 431 672 508 auspiciis
685 432 757 488 istos
770 431 862 488 fasces
878 451 969 507 augur

37 527 42 538 '
127 510 838 589 1111111111111111111111111111111111111111111
865 509 970 579 Quem-

19 655 25 666 ,
128 609 252 669 quamne
268 591 357 649 fuisse
373 597 433 648 tam
451 589 617 648 sceleratum
632 591 682 667 qui
698 589 754 648 hoe
767 589 896 667 fingeret,
907 597 968 648 tam

128 671 270 730 furiosum
285 673 335 748 qui
348 669 493 729 1111111111
519 669 608 728 Unde
621 669 711 746 igitur
723 670 779 727 ista
793 669 914 748 suspitio
924 669 970 728 vel

128 751 227 828 potius
241 749 316 808 unde
329 749 384 808 iste
398 750 510 808 sermol
539 749 591 807 VI.
623 755 668 826 15.
681 748 806 820 (1111111
816 748 904 820 scitis,
914 748 970 807 hoc

128 830 225 888 triduo
240 829 284 887 vel
301 829 460 907 quadriduo
475 828 565 886 tristis
578 849 596 886 a
609 829 723 887 Mutina
736 829 816 886 fama
830 835 968 900 manaret,

128 909 221 969 inflati
237 909 346 966 laetitia
362 916 447 986 atque
464 908 616 967 insolentia
636 909 720 986 impii
736 908 815 966 cives
827 927 917 965 uuum
939 927 970 965 se

128 989 159 1046 in
173 989 278 1060 locum,
287 988 325 1048 ad
338 987 416 1046 illam
424 979 541 1046 'curiam
554 988 684 1066 partibus
699 988 797 1070 pqtius
811 987 870 1045 suis
883 1007 970 1066 quam
1022 999 1027 1010 ·

128 1069 170 1126 rei
186 1067 317 1146 publicae
333 1067 478 1127 infelicem
497 1067 717 1146 congregabant
756 1067 802 1124 Ibi
820 1086 886 1124 cum
903 1087 972 1126 con-

127 1148 193 1205 silia
207 1148 314 1207 inirent
330 1148 366 1206 de
382 1148 468 1206 caede
483 1154 583 1206 nostra
598 1147 828 1226 partirenturque
844 1147 920 1205 inter
940 1166 971 1204 11

130 1229 180 1306 qui
196 1227 382 1306 Capitolium,
394 1228 450 1305 qui.
460 1234 560 1299 rostra,
573 1228 623 1304 qui
639 1227 717 1284 urbis
733 1235 831 1304 portas
851 1245 970 1304 occupa-

129 1314 201 1379 rent,
213 1307 250 1365 ad
270 1327 317 1366 me
337 1326 507 1366 concursum
527 1308 659 1365 futurum
679 1307 803 1364 civitatis
819 1305 968 1384 putabant.

129 1387 216 1457 Quod
229 1395 263 1445 ut
278 1407 344 1446 cum
361 1387 470 1445 invidia
485 1406 550 1444 mea
565 1383 645 1444 fieret
660 1393 692 1445 11
707 1405 772 1444 cum
790 1386 865 1444 vitae
882 1386 970 1444 etiam

129 1467 265 1546 periculo,
276 1467 384 1525 famam
398 1467 482 1525 istam
496 1466 618 1524 fascium
632 1466 858 1543 dissipavenmt:
878 1466 970 1524 fasces

18 1593 22 1600 .
129 1548 186 1625 ipsi
201 1547 239 1605 ad
252 1567 299 1605 me
315 1546 436 1604 delaturi
450 1547 575 1605 fuerunt
618 1544 705 1615 Quod
718 1565 784 1603 cum
801 1553 875 1604 esset
888 1545 970 1623 quasi

43 1679 48 1688 .
127 1646 195 1685 mea
203 1626 351 1684 voluntate
365 1627 484 1697 factum,
494 1633 559 1684 tum
572 1625 602 1683 in
616 1645 663 1684 me
677 1624 970 1703 impetus‘condueto

129 1726 193 1764 rum
208 1706 359 1764 hominum
371 1707 452 1783 quasi
465 1706 495 1763 in
506 1712 660 1782 tyrannum
674 1704 841 1783 parabatur:
863 1724 897 1763 ex
912 1723 969 1782 quo

130 1786 231 1844 caedes
247 1792 321 1858 esset
338 1792 462 1843 vestrum
479 1785 609 1842 omnium
626 1791 785 1842 consecuta
828 1783 969 1854 Quaeres

17 1881 18 1910 ³
130 1865 275 1944 patefecit,
293 1871 388 1942 patres
408 1864 571 1941 conscripti,
586 1864 636 1922 sed
657 1883 708 1922 suo
730 1871 860 1940 tempore
880 1863 970 1922 totius

130 1945 216 2002 huius
226 1943 338 2004 sceleris
348 1945 415 2002 fons
426 1944 574 2022 aperietur.
608 1949 654 2002 16.
663 1943 764 2021 Itaque
778 1943 811 2001 P.
819 1943 968 2020 Apuleius,

17 2074 18 2088 r
130 2025 263 2085 tribunus
283 2024 383 2102 plebis,
395 2043 525 2082 meorum
546 2024 676 2082 omnium
697 2023 882 2082 consiliorum
898 2023 971 2101 peri-

17 2105 18 2184 1
131 2105 316 2182 culorumque
337 2106 394 2162 iam
418 2103 486 2162 inde
506 2123 524 2160 a
543 2103 692 2162 consulatu
713 2103 970 2182 11101111111011-

131 2181 969 2261 111111111101,(101011111111111011011111010111111111

66 2331 74 2346 ι
131 2266 296 2323 contionem
313 2263 414 2322 habuit
430 2263 585 2321 maximam
601 2263 709 2341 populo
726 2261 858 2321 Romano
879 2280 969 2320 unum

131 2351 217 2421 atque
230 2343 307 2402 idem
325 2345 473 2402 sentiente.
509 2341 543 2400 In
558 2361 615 2420 qua
627 2343 763 2400 contione
776 2361 842 2400 cum
855 2361 903 2398 me
916 2360 970 2419 pro

17 2453 18 2484 1
131 2442 244 2480 summa
259 2430 357 2481 nostra
372 2422 574 2481 coniunctione
595 2429 625 2480 et
640 2421 835 2480 familiaritate
851 2420 969 2479 liberare

132 2503 290 2580 suspitione
304 2503 425 2560 fascium
439 2502 531 2574 vellet,
543 2521 600 2560 una
613 2520 682 2560 voce
696 2508 800 2559 cuncta
812 2501 910 2558 contio
924 2500 971 2559 de
1028 2515 1033 2524 ·

17 2625 18 2628 ¹
132 2582 249 2640 claravit
264 2582 337 2640 nihil
354 2602 415 2641 esse
431 2601 449 2640 a
463 2601 510 2640 1111
531 2600 668 2659 umquam
685 2581 721 2638 de
737 2600 768 2638 re
783 2580 899 2659 pubIIoa
914 2580 971 2637 nisi

17 2681 18 2714 1
132 2662 242 2739 optime
262 2663 428 2740 cogitatum.
470 2661 542 2719 Post
562 2661 636 2719 hanc
655 2660 785 2718 habitam
805 2660 971 2718 contionem

127 2740 243 2798 duabus
261 2741 389 2799 tribusve
409 2741 487 2799 horis
508 2741 682 2819 optatissimi
697 2740 793 2798 nuntii
813 2745 843 2797 et
859 2738 971 2796 litterae

17 2845 18 2864 ÷
132 2827 286 2878 venerunt:
308 2828 341 2878 ut
361 2821 438 2878 idem
459 2820 520 2878 dies
540 2838 599 2878 non
619 2819 709 2877 modo
728 2818 909 2897 iniquissima
924 2837 972 2876 me

133 2899 241 2956 invidia
264 2899 397 2972 liberarit,
413 2899 463 2957 sed
484 2900 570 2957 etiam
591 2899 774 2958 celeberrima
793 2898 895 2977 populi
915 2896 973 2956 Ro-
1004 2967 1007 2973 Ι

126 2979 211 3036 vmani
225 2978 414 3055 gratulatione
429 2971 546 3037 auxerit

126 3101 128 3106 ,
175 3057 220 3115 17.
239 3057 318 3116 Haec
332 3057 499 3134 interposui,
509 3064 603 3135 patres
617 3057 783 3137 conscripti,
792 3077 851 3116 nou
864 3063 924 3117 tam
939 3063 974 3115 ut

133 3155 186 3193 nro
200 3155 249 3214 *me
263 3137 501 3194 dicerem—male
516 3137 593 3194 onim
607 3157 719 3200 mecum
734 3144 873 3215 ageretur,
886 3138 911 3194 si
924 3155 974 3215 pa
