2262 3418
146 131 195 183 162
283 130 354 183 PRO
370 129 401 182 Τ.
415 129 530 181 ANNIO
546 129 686 181 MILONE
703 130 845 183 ORATIO.

146 233 244 292 audire
254 238 397 310 coguntur
406 251 499 310 neque
509 231 591 290 aliter
604 233 697 290 facere
707 239 829 310 possunt
837 233 868 306 ii,
881 232 985 311 quibus

145 320 209 372 tota
224 313 377 371 commissa
392 319 436 370 est
449 331 493 370 res
509 311 631 389 publica
673 311 852 381 Quinetiam
865 313 923 370 fuit
937 333 985 371 au·
1083 361 1085 366 ,

146 392 268 451 diendus
284 411 361 470 popa
377 391 504 449 Licinius
519 392 615 449 nescio
633 393 682 470 qui
699 393 735 450 de
749 391 833 450 Circo
847 389 982 466 marimo,

146 491 241 540 servos
258 471 374 529 Milonis
394 471 473 548 apud
489 491 518 528 se
539 471 632 529 ebrios
648 473 741 530 factos
761 472 816 529 sibi
837 471 984 530 confessos

146 571 206 610 esse
234 551 270 609 de
296 550 495 609 interficiendo
521 551 663 629 Pompeio
691 551 860 624 coniurasse,
879 552 983 610 deinde

85 649 87 656 ·
145 638 246 710 postea
266 651 296 688 se
312 630 409 709 gladio
422 650 587 709 percussum
608 649 668 688 esse
688 630 724 689 ab
744 651 801 690 uno
818 632 854 688 de
865 631 934 703 illis,
946 651 983 690 ne

145 711 292 769 indicaret
334 710 475 789 Pompeio
489 711 519 768 in
533 710 633 768 hortos
646 711 797 782 nuntiavit,
810 729 935 768 arcessor
951 711 982 768 in

144 791 262 869 primis:
283 790 320 848 de
336 791 493 848 amicorum
511 791 653 848 sententia
668 809 728 848 rem
745 791 839 848 defert
855 790 891 847 ad
905 809 984 848 sena-

144 879 216 928 tum.
252 869 281 926 N
282 889 320 926 on
333 875 464 946 poteram
477 871 507 928 in
522 869 598 927 illius
611 871 668 928 mei
678 872 842 948 patriaeque
856 869 983 928 custodis

144 949 230 1007 tanta'
248 950 406 1027 suspitione
426 969 485 1008 non
505 956 586 1007 metu
610 951 772 1022 exanimari,
788 949 839 1007 sod
858 949 983 1007 mirabar

145 1035 242 1086 tamen
263 1029 340 1086 credi
359 1048 461 1106 popae,
479 1029 688 1087 confessionem
713 1047 858 1088 servoruum
879 1029 981 1100 audiri,

145 1109 247 1166 vulnus
267 1110 298 1166 in
319 1109 413 1181 latere,
429 1109 507 1187 quod
527 1129 580 1167 acu
600 1117 740 1186 punctum
760 1109 911 1179 videretur,
928 1127 982 1186 pro

144 1189 204 1247 ictu
231 1187 397 1266 gladiatoris
420 1189 543 1273 probari.
586 1195 632 1247 66.
648 1189 766 1261 Verum,
784 1196 818 1247 ut
841 1187 981 1266 intelligo,

85 1337 87 1344 y
145 1269 262 1326 cavebat
270 1269 361 1346 magis
369 1268 526 1345 Pompeius
538 1287 623 1346 quarn
631 1269 759 1341 timebat,
767 1268 981 1340 noneasolum,

145 1368 217 1426 quae
233 1349 362 1406 timenda
376 1357 463 1420 erant,
476 1350 526 1406 sed
545 1349 649 1420 omnia,
661 1368 763 1406 nevos
779 1348 888 1426 aliquid
900 1349 984 1406 timc-

144 1429 219 1486 retis.
262 1427 438 1506 Oppugnata
457 1429 561 1486 domus
581 1428 613 1486 0.
629 1428 765 1500 Caesaris,
780 1428 929 1486 clarissimi
952 1435 984 1486 et

144 1507 296 1565 fortissimi
312 1507 374 1579 viri,
389 1527 441 1585 per
456 1508 561 1565 multas
577 1509 670 1565 noctis
686 1507 771 1566 horas
786 1507 981 1567 nuntiabatur.

144 1587 239 1645 Nemo
265 1587 394 1644 audierat
419 1594 479 1644 tam
506 1586 609 1645 celebri
635 1587 707 1660 loce,
726 1607 813 1645 nemo
840 1595 982 1646 senserat:

143 1674 241 1725 tamen
261 1666 436 1724 audiebatur.
478 1667 546 1725 Non
570 1673 700 1745 poteram
728 1667 780 1726 On.
799 1666 984 1743 Pompeium,

143 1746 387 1824 praestantissima
413 1747 518 1804 virtute
542 1747 644 1819 virum,
663 1747 800 1805 timidum
827 1746 981 1823 suspicari:

144 1826 323 1903 diligentiam
336 1832 400 1883 tota
415 1845 445 1883 re
461 1825 576 1904 publica
592 1833 722 1904 suscepta
738 1826 858 1884 nimiam
874 1824 983 1883 nullam

142 1905 288 1984 putabam.
331 1905 573 1982 Frequentissimo
594 1913 694 1964 senatu
711 1925 802 1983 nuper
817 1907 849 1963 in
866 1905 984 1982 Capito-

143 1985 183 2044 lio
200 1992 314 2043 senator
329 1985 462 2042 inventus
483 1993 526 2043 cst
543 1986 592 2064 qui
609 1985 746 2043 Milonem
764 2005 830 2044 cum
846 1979 905 2043 telo
922 2005 983 2044 esse

144 2065 257 2124 diceret.
294 2065 422 2123 Nudavit
432 2085 462 2123 se
476 2066 506 2122 in
521 2065 700 2122 sanctissimo
714 2065 833 2142 templo,
846 2065 983 2143 quoniam

144 2146 203 2204 rita
215 2145 281 2204 talis
301 2152 330 2203 et
351 2145 420 2204 civis
440 2152 470 2203 et
486 2145 540 2202 viri
560 2144 646 2202 fidem
667 2163 726 2202 non
747 2145 879 2217 faciebat,
894 2152 928 2202 ut
947 2165 983 2203 ao

142 2232 255 2284 tacente
269 2245 312 2283 res
326 2227 389 2303 ipsa
398 2225 567 2304 loqueretur.
603 2224 701 2284 XXV.
731 2224 778 2282 ot.
794 2225 901 2284 Omnia
910 2225 984 2283 falsa

143 2312 229 2384 atquc
242 2306 379 2364 insidiose
393 2305 459 2363 ficta
472 2311 619 2383 comperta
633 2312 708 2363 sunt
750 2304 825 2362 Cum
839 2311 946 2376 tamen,
958 2305 983 2362 si

142 2386 281 2443 metuitur
298 2386 384 2443 etiam
401 2405 477 2443 nunc
494 2385 573 2457 Milo,
585 2405 651 2452 non
661 2385 719 2443 iam
736 2385 792 2443 hoc
809 2384 983 2461 Clodianum
1084 2399 1088 2408 '

143 2466 250 2546 crimen
264 2465 407 2536 timemus,
418 2465 468 2523 sed
478 2472 550 2538 tuas,
562 2465 615 2524 Cn.
625 2465 819 2543 Pompei-te
833 2465 910 2523 enirn
924 2465 983 2522 ianr

142 2544 256 2622 appello
279 2551 310 2602 et
330 2563 363 2603 ea
382 2563 460 2616 voce,
480 2551 513 2603 ut
535 2565 582 2603 me
607 2545 740 2603 exaudire
761 2545 982 2623 possis-tuas,

142 2631 215 2696 tuas,
231 2624 357 2700 iuquam,
373 2625 546 2702 suspitiones
568 2624 829 2703 perhorrescimus:
855 2625 879 2682 si
900 2624 984 2682 Milo·

142 2722 209 2760 nem
226 2703 319 2776 times,
332 2704 355 2761 si
372 2703 448 2762 hunc
465 2705 501 2762 de
517 2711 568 2762 tua
583 2705 643 2762 vita
655 2705 765 2763 nefarie
781 2711 832 2763 aut
844 2723 921 2762 nunc
938 2723 984 2762 co-

143 2783 234 2860 gitare
248 2790 298 2840 aut
311 2783 446 2841 molitum
459 2784 612 2862 aliquando
624 2784 733 2862 aliquid
743 2791 837 2862 putas,
848 2785 872 2842 si
883 2783 984 2842 Italiae

133 2863 272 2933 dilecturi,
284 2869 317 2920 ut
330 2882 389 2920 non
402 2863 474 2919 nulli
487 2865 695 2941 conquisitores
710 2865 755 2922 tui
769 2865 946 2936 dictitarunt,
959 2865 984 2922 si

142 2939 212 2998 haec
226 2961 312 3014 arma,
324 2943 349 2999 si
363 2941 542 3018 Capitolinae
555 2943 695 3016 cohortes
711 2944 736 3000 si
750 2943 894 3016 excubiae,
906 2944 930 3000 si
944 2945 985 3001 vi·
997 2935 1000 2942 ’

143 3021 236 3097 giliae,
248 3021 271 3078 si
286 3020 390 3079 dilecta
402 3021 543 3092 iuventus
554 3041 625 3099 quae
635 3029 720 3080 tuum
734 3042 838 3102 corpus
852 3024 985 3080 domum-

145 3119 199 3176 que
223 3101 357 3171 custodit,
373 3106 472 3157 contra
492 3100 608 3158 Milonis
631 3103 773 3180 impetum
797 3110 907 3160 armata
929 3109 983 3175 est,

144 3184 231 3255 atque
246 3178 296 3235 illa
311 3179 409 3254 omnia
423 3179 455 3235 in
470 3179 547 3236 hunc
563 3199 653 3238 uuum
669 3183 811 3254 instituta,
823 3189 929 3260 parata,
942 3183 985 3238 in·
