2262 3418
425 138 650 201 car.11.-V.‚§
668 141 743 190 r-ra.
838 132 843 149 '
921 127 1007 189 'uu

162 240 211 298 illa
224 240 378 300 auctoritas
392 240 423 297 in
433 239 479 296 his
490 241 632 298 maiorum
643 236 759 299 suorum
771 247 801 298 11
811 240 870 298 1111
884 240 1007 298 sedibus.

165 327 218 386 IV.
234 325 377 404 Equidem
398 343 464 382 cum
485 323 517 383 O.
530 323 663 397 Marcelli,
678 325 732 382 viri
755 325 859 402 optimi
880 331 909 382 et
929 343 1006 382 com·

165 405 344 464 memorabili
358 405 464 482 pictate
477 403 601 480 praediti
614 405 743 462 lacrimas
757 403 845 461 modo
856 403 1004 462 vobiscum

165 486 300 556 viderem,
313 485 444 543 omnium
459 483 655 542 Marcellorum
670 503 767 542 mcum
783 490 883 560 pectus
897 503 1005 542 memo-

164 563 236 624 riam
258 565 369 636 effudit,
385 564 489 642 quibus
509 573 542 621 tu
566 563 652 621 etiam
676 563 797 621 mortuis
818 562 856 621 M.
870 563 1003 622 Marcello

165 652 331 704 conservato
343 644 513 722 dignitatem
529 662 609 700 suam
623 643 774 701 reddidisti
785 642 1003 701 nobilissimam-

165 743 220 802 que
247 724 387 782 familiam
408 724 466 782 iam
491 722 528 781 ad
553 741 660 800 paucos
686 722 830 780 redactam
854 742 945 800 paenc
966 723 1002 781 ab
1034 772 1039 781 .

164 805 283 863 interitu
306 804 465 862 vindicasti.
510 808 555 860 11.
571 803 659 860 Hunc
679 809 712 860 tu
737 803 826 880 igitur
847 802 924 860 diem
944 804 1002 861 tuis

164 885 297 942 maximis
314 891 343 942 et
359 881 613 941 innumerabilibus
628 882 867 960 gratulationibus
880 883 941 941 iure
955 902 1003 940 an-

164 971 291 1041 tepones.
324 963 405 1022 Haec
416 963 501 1034 enim
522 982 566 1021 res
588 963 672 1020 unius
691 969 734 1020 est
752 963 869 1041 propria
889 962 1003 1020 0.(111

163 1044 250 1102 saris:
272 1051 381 1102 ceterae
398 1043 515 1100 duecte
536 1049 633 1119 gestae
652 1062 773 1120 magnae
791 1042 856 1100 illae
875 1042 1000 1120 quidem,

163 1123 213 1182 sed
224 1130 321 1181 tamen
335 1123 427 1180 multo
441 1141 604 1200 magnoque
618 1122 764 1180 comitatu.
796 1122 1021 1195 Η1111111111,

163 1204 204 1262 rei
220 1211 253 1261 tu
269 1203 347 1260 idem
364 1222 394 1260 es
410 1209 440 1260 et
457 1202 515 1260 dux
529 1209 559 1275 et
572 1219 683 1260 comes:
706 1221 777 1278 quae
792 1201 908 1278 quidem
921 1208 1003 1259 tauta

163 1293 214 1356 cst,
228 1290 261 1341 ut
278 1283 302 1340 si
322 1282 380 1340 ulla
396 1282 520 1360 tropaeis
540 1288 569 1340 et
585 1281 780 1339 monumentis
797 1281 854 1339 tuis
875 1281 1003 1339 adlatura
1032 1292 1036 1299 '

163 1363 250 1421 finem
267 1363 305 1420 sit
318 1362 507 1420 aetas—nihil
522 1369 565 1420 est
581 1361 658 1419 enirn
676 1379 761 1438 opere
778 1368 827 1418 aut
840 1380 928 1417 manu
944 1361 1003 1418 fac-

163 1449 235 1514 tum,
251 1442 330 1521 quod
346 1461 405 1500 non
426 1441 578 1520 aliquando
600 1440 732 1498 conficiat
748 1448 778 1498 ct
794 1447 944 1498 consumat
958 1460 1003 1498 ve-

163 1527 349 1580 111111-12.
368 1528 397 1579 11
420 1521 490 1580 haec
514 1528 565 1579 tua
588 1521 698 1579 iustitia
721 1528 751 1579 ct
774 1519 876 1578 lenitas
903 1520 1000 1592 animi,
1051 1573 1054 1579 .

163 1601 294 1660 florescat
308 1602 413 1660 cotidie
427 1602 527 1678 magis,
540 1602 580 1659 ita
593 1608 627 1658 ut
641 1607 780 1678 quantum
794 1601 852 1658 tuis
869 1600 1002 1677 operibus
1060 1655 1063 1674 ,

163 1681 337 1740 diuturnitas
357 1681 495 1752 detrahet,
510 1673 623 1739 tautum
647 1680 759 1738 adferat
782 1679 921 1738 laudibus.
963 1679 1002 1736 Et
1092 1738 1098 1748 ,

164 1768 272 1819 1111111
284 1761 399 1839 quidem
411 1780 511 1818 omncs
520 1754 642 1818 uictores
652 1759 792 1818 bellorum
806 1759 932 1817 civilium
945 1759 1002 1816 iam

163 1848 230 1898 aute
244 1841 387 1919 aequitate
397 1847 426 1899 et
436 1841 630 1898 misericordia
640 1840 762 1898 viceras:
783 1839 924 1897 hodierno
935 1858 1002 1896 vero

164 1920 260 1979 dicte
281 1921 376 1998 ipsum
397 1920 502 1979 vicisti
534 1920 645 1978 Vereor
664 1926 697 1976 11
718 1919 782 1991 hoc,
798 1919 877 1996 quod
899 1918 1001 1990 dicam,

164 1993 282 2076 perinde
299 2000 421 2077 intelligi
437 2000 529 2076 possit
545 1999 676 2057 auditum
693 2005 778 2075 atque
795 1999 856 2074 ipse
873 1999 1003 2075 cogitans

164 2081 274 2138 sentio:
296 2080 387 2157 ipsam
399 2079 548 2137 victoriam
563 2078 663 2136 vicisse
674 2077 786 2148 videris,
797 2097 863 2134 cum
877 2082 919 2149 ea‚'
930 2097 1003 2154 quae

164 2159 213 2217 illa
232 2167 292 2217 erat
312 2159 424 2238 adepta,
440 2159 523 2216 victis
544 2158 685 2216 remisisti.
728 2157 805 2214 Nam
827 2176 892 2214 cum
913 2157 1003 2234 ipsius

164 2239 299 2297 victoriae
320 2239 489 2296 condicione
510 2257 609 2295 omncs
631 2237 700 2295 victi
723 2235 932 2306 occidissemus,
950 2235 1010 2293 cle-¹

164 2319 288 2377 montiae
301 2325 367 2377 tuac
380 2318 488 2376 iudicio
502 2317 660 2375 conservati
671 2335 776 2374 sumus.
812 2315 900 2373 Recte
914 2315 1004 2392 igitur

164 2417 238 2456 unus
248 2399 372 2456 invictus
383 2417 420 2470 es,
431 2417 454 2454 a'
462 2417 519 2475 quo
530 2397 616 2456 ctiam
627 2397 716 2474 ipsius
726 2395 860 2454 victoriae
871 2395 1003 2453 condicio

163 2478 263 2554 visque
277 2477 389 2536 devicta
402 2485 462 2536 est:
668 2525 670 2528 .

173 2588 175 2594 ·
204 2558 240 2616 V.
279 2563 325 2615 13.
342 2557 441 2635 Atque
465 2557 521 2616 hoc
546 2555 578 2615 Ο.
594 2555 722 2614 Caesaris
745 2555 893 2627 iudicium,
908 2561 1004 2632 patros

164 2637 327 2714 conscripti,
338 2657 424 2715 quam
440 2637 497 2695 late
513 2643 610 2714 pateat
626 2636 780 2694 attendite:
800 2654 900 2692 omnes
917 2635 1002 2706 enim,

165 2717 215 2794 qui
231 2717 269 2776 ad
282 2717 332 2774 illa
347 2737 426 2775 arma
440 2717 502 2774 fato
519 2736 617 2774 sumus
633 2716 729 2774 nescio
745 2734 801 2793 quo
818 2713 1003 2792 reipublicae

157 2797 269 2855 'misero
286 2797 458 2874 funestoque
479 2795 628 2872 compulsi,
639 2796 692 2853 etsi
713 2795 808 2872 aliqua
828 2794 912 2871 culpa
927 2800 1005 2851 tene·
1107 2821 1108 2824 ¹

164 2896 230 2934 mur
246 2877 347 2935 erroris
367 2876 495 2946 humani,
508 2883 537 2933 at
554 2875 657 2934 scelere
676 2884 751 2933 certe
768 2873 880 2932 liberati
897 2892 1002 2930 sumus.

165 2955 194 3014 N
195 2976 242 3014 am
256 2976 321 3014 cum
333 2956 371 3014 M.
383 2955 547 3014 Marcellum
559 2954 776 3032 deprecantibus
787 2953 869 3010 vobis
882 2953 923 3010 rei
933 2952 1005 3028 pub

164 3035 236 3095 licae
258 3037 442 3107 conservavit,
458 3055 505 3092 me
525 3043 554 3092 et
572 3034 645 3091 mihi
666 3034 780 3091 etitem
802 3033 843 3090 roi
863 3032 1002 3109 publicae,

165 3115 439 3194 nullodeprecantc,
455 3115 580 3191 reliquos
600 3113 791 3190 amplissimos
808 3112 883 3170 viros
903 3111 1004 3172 etsibi

165 3195 244 3274 ipsos
258 3202 287 3253 et
300 3195 409 3273 patriae
422 3194 564 3254 reddidit:
588 3213 709 3271 quorum
726 3200 756 3251 et
769 3192 960 3270 frequentiam
975 3197 1004 3250 et
