2262 3418
114 133 162 182 14⁰
260 131 331 183 PRO
347 131 379 182 Τ.
390 129 508 182 ANNIO
524 127 665 182 MILONE
679 127 823 180 ORATIO.

114 251 188 305 mm,
196 231 273 310 quos
285 232 317 290 P.
328 231 424 290 Clodii
440 231 522 288 furor
535 229 643 307 rapinis
656 236 687 288 et
699 229 838 288 incendiis
851 235 958 290 stoma

115 311 200 370 nibus
216 312 311 370 exitiis
324 311 446 390 publicis
460 311 556 389 pavit:
579 310 629 387 qui
641 310 774 368 hesterna
787 310 875 368 etiam
889 329 958 368 con-¹

116 393 195 450 tione
208 391 320 449 incitati
334 397 408 463 sunt,
419 398 452 450 ut
466 389 548 448 vobis
558 409 627 458 voce
641 389 784 467 praeirent
799 389 869 468 quid
882 391 956 448 iudi·

116 471 224 529 caretis.
267 470 397 540 Quomm
413 469 521 528 clamor
541 470 565 527 si
587 470 636 548 qui
657 469 733 527 forte
749 469 845 541 fuerit,
858 469 957 527 admo-¹

117 569 183 608 nere
199 570 250 608 vos
266 549 390 624 debebit,
401 556 436 608 nt
454 569 520 608 eum
541 551 633 608 civem
649 549 803 621 retineatis,
816 550 866 627 qui
884 569 957 608 sem-

116 650 168 708 per
180 649 271 709 genus
284 630 356 689 illud
366 630 518 688 hominum
532 629 726 707 clamoresque
735 630 878 688 maximos
886 637 958 708 pra'e

117 718 210 768 vestra
223 709 313 769 salute
329 711 463 788 neglexit.
506 715 533 768 4.
549 708 643 778 Quam
660 709 697 766 ob
712 728 773 766 rem
787 709 884 768 adeste
898 711 958 767 ani-

117 791 180 862 mis,
196 791 312 863 iudices,
327 797 357 848 et
374 791 508 848 timorem
529 791 554 848 si
571 808 656 868 quem
672 788 789 847 habetis
809 789 954 867 deponite.

118 870 194 928 Nam
213 871 237 928 si
258 889 395 948 umquam
416 863 452 927 de
472 869 557 928 bonis
577 876 607 927 et
622 866 748 927 fortibus
766 869 842 940 viris,
854 869 879 926 si
895 889 958 926 um-

119 951 257 1029 quamde
277 948 351 1008 bene
371 949 481 1007 meritis
505 948 615 1008 civibus
635 955 762 1027 potestas
782 948 865 1006 vobis
884 949 958 1007 iudi·

119 1030 203 1088 candi
216 1030 280 1102 fuit,
293 1030 317 1086 si
331 1029 454 1107 denique
470 1046 607 1107 umquam
621 1029 701 1087 locus
714 1029 957 1107 amplissimorum

119 1110 253 1168 ordinum
270 1109 386 1168 delectis
402 1109 470 1168 viris
490 1110 574 1168 datus
595 1116 646 1180 est,
658 1116 691 1166 ut
708 1128 759 1166 sua
779 1108 874 1166 studia
890 1127 958 1186 erga

118 1191 209 1248 fortes
225 1197 254 1248 et
266 1189 360 1248 bonos
376 1189 459 1262 cives,
470 1209 542 1266 quae
555 1189 637 1247 vultu
653 1196 683 1246 et
696 1187 790 1247 verbis
804 1207 888 1266 saepe
902 1189 958 1265 sig-

119 1269 288 1342 nificassent,
300 1289 330 1328 re
347 1276 376 1329 et
393 1270 541 1327 sententiis
558 1269 741 1340 declararent,
752 1269 808 1326 hoc
824 1268 958 1345 proiecto

119 1357 248 1427 tempore
262 1369 325 1408 eam
339 1356 511 1427 potestatem
528 1368 644 1406 omnem
658 1367 709 1406 vos
724 1347 846 1420 habetis,
857 1355 890 1406 ut
903 1355 959 1405 sta=

119 1431 207 1487 tuatis
223 1437 320 1489 utrum
336 1449 398 1500 nos,
409 1429 459 1506 qui
476 1448 589 1506 semper
604 1435 713 1486 vestrae
730 1428 894 1488 auctoritati
911 1427 959 1486 de·

118 1508 175 1567 diti
189 1509 305 1581 fuimus,
318 1528 430 1586 semper
445 1509 542 1567 miseri
556 1508 705 1586 lugeamus
718 1527 755 1566 an
769 1508 820 1566 diu
833 1508 927 1566 vexati
941 1527 960 1566 a

83 1636 85 1641 .
119 1589 319 1667 perditissimis
340 1588 448 1646 civibus
469 1588 622 1666 aliquando
646 1607 698 1665 per
713 1607 765 1645 vos
785 1607 817 1658 ac
840 1607 893 1666 per
913 1607 960 1646 vc·

120 1676 208 1726 stram
225 1667 321 1740 fidem,
333 1669 469 1726 virtutem
485 1668 712 1746 sapientiamque
728 1685 895 1726 recreemur.
930 1673 957 1726 5.

119 1747 210 1818 Quid.
220 1749 297 1806 enim
321 1746 405 1806 nobis
429 1747 550 1820 duobus,
565 1748 682 1820 iudices,
696 1746 873 1820 laboriosius,
889 1747 960 1824 quid

120 1829 213 1906 magis
229 1827 392 1898 sollicitum,
401 1827 494 1904 magis
511 1829 667 1886 exercitum
684 1826 742 1886 dici
759 1833 809 1884 aut
825 1826 896 1905 fing'
909 1847 961 1906 po

120 1915 185 1980 test,
194 1909 243 1986 qui
254 1927 304 1985 spe
315 1907 554 1984 amplissimorum
565 1907 758 1986 praemiorum
772 1907 809 1965 ad
819 1925 879 1965 rem
889 1907 961 1986 pub-

121 1987 204 2046 licam
228 1987 346 2046 adducti
366 1994 447 2044 metu
470 1987 731 2046 crudelissimorum
755 1987 961 2065 suppliciorum

121 2087 214 2126 carere
228 2087 287 2125 non
297 2068 468 2144 possumusl
502 2067 644 2144 Equidem
659 2075 766 2125 ceteras
776 2073 962 2145 tempestates

122 2154 151 2206 et
167 2147 305 2224 procellas
322 2147 352 2204 in
373 2147 429 2204 illis
445 2147 516 2204 dum
537 2154 616 2204 taxat
636 2146 772 2205 fluctibus
792 2147 961 2204 contionum

122 2247 233 2304 semper
253 2227 352 2304 putavi
372 2226 476 2284 Miloni
496 2246 556 2284 esse
577 2227 747 2300 subeundas,
763 2227 830 2305 quia
850 2246 962 2305 semper

121 2327 173 2384 pro
190 2306 274 2365 bonis
290 2313 390 2365 contra
406 2306 554 2384 improbos
574 2313 707 2380 senserat,
719 2307 749 2364 in
770 2307 878 2364 iudicio
893 2324 961 2365 vero

122 2394 151 2444 et
165 2388 195 2444 in
209 2406 244 2445 eo
255 2386 383 2459 consilio,
395 2386 427 2443 in
441 2405 499 2464 quo
512 2405 548 2444 ex
561 2387 672 2444 cunctis
687 2386 836 2446 ordinibus
848 2386 963 2464 amplis-

122 2467 187 2524 simi
198 2467 252 2524 viri
265 2467 432 2538 iudicarent,
443 2485 602 2544 numquam
612 2467 772 2525 existimati
783 2485 864 2544 spem
874 2466 961 2525 ullam

122 2565 183 2604 esse
203 2545 352 2604 habituros
368 2546 486 2604 Milonis
506 2547 639 2604 inimicos
659 2546 773 2605 adeius
793 2565 853 2603 non
873 2546 962 2603 modo

123 2627 242 2684 salutem
259 2626 505 2704 exstinguendam,
517 2627 568 2684 sed
584 2627 671 2684 etiam
688 2625 809 2704 gloriam
825 2645 877 2703 per
892 2624 963 2682 tales

123 2707 199 2764 viros
220 2706 443 2787 infringendam.
487 2711 513 2764 6.
534 2705 715 2783 Quamquam
739 2704 770 2763 in
794 2705 850 2762 hac
869 2723 961 2775 causa,

123 2787 239 2858 iudices,
254 2785 286 2844 Τ.
299 2785 391 2844 Annii
412 2785 569 2858 tribunatu,
587 2785 728 2864 rebusque
752 2784 886 2842 omnibus
909 2802 962 2861 pro
1073 2837 1077 2842 .

124 2865 268 2925 saluterei
282 2865 413 2945 publicae
427 2866 516 2944 gestis
529 2865 566 2922 ad
580 2865 665 2923 huius
681 2863 809 2923 criminis
822 2863 964 2922 defensio·

124 2965 191 3003 nem
215 2966 273 3004 ιιοιι
298 2945 457 3005 abutemur.
500 2945 563 3003 Nisi
586 2945 675 3003 oculis
696 2944 825 3002 videritis
846 2943 964 3001 insidias

125 3025 227 3083 Miloni
252 3047 269 3084 a
289 3026 392 3084 Clodio
413 3026 512 3096 iactas,
530 3044 582 3082 nec
606 3024 785 3102 deprecaturi
809 3043 915 3095 sumus,
930 3028 964 3080 ut

125 3105 234 3162 crimen
254 3104 310 3162 hoc
333 3105 418 3162 nobis
440 3111 558 3181 propter
578 3104 670 3162 multa
689 3104 832 3181 praeclara
851 3105 881 3160 in
902 3121 963 3160 rem

116 3184 269 3261 publicam
294 3185 396 3253 merita
419 3183 601 3256 condonetis,
610 3203 664 3242 -nec
685 3183 866 3262 postmatun,
881 3182 963 3255 ut,.ai
