2262 3412
261 567 276 624 '.
306 518 350 582 M.
368 519 516 584 TULLII
540 519 772 584 CICERONIS

120 649 268 743 ιιιιιι
287 665 401 755 auru
422 666 575 743 uranu
596 667 640 742 ιι
662 666 820 744 suulru
838 665 977 744 uouis-

394 789 684 868 uuuunssuuus

450 971 621 984 .-

369 1077 712 1138 ARGUMENTUM.

153 1184 219 1235 Cum
227 1182 263 1234 M.
272 1183 359 1234 Cicero
368 1184 454 1234 consul
463 1185 543 1234 Νοιιίι
550 1184 730 1234 Decembribus
742 1191 855 1234 senatum
863 1183 889 1233 in
899 1184 961 1234 aede

120 1250 188 1299 Iovis
203 1250 309 1300 Statoris
322 1250 469 1309 consuleret,
479 1250 540 1314 quid
553 1250 617 1300 de''
601 1267 632 1299 ns
645 1250 822 1300 coniurationis
836 1250 961 1300 Catilinae

121 1315 194 1364 sociis
211 1315 266 1364 lieri
282 1315 397 1392 placeret,
408 1316 451 1378 qui
465 1316 491 1364 in
508 1315 648 1365 custodiam
664 1316 750 1364 traditi
767 1324 857 1376 essent,
867 1316 961 1364 fectum

121 1388 168 1440 est,
180 1388 208 1429 ut
224 1381 290 1428 duae
306 1381 463 1442 potissimum
482 1382 620 1430 sententiae
639 1388 845 1443 proponerentur,
860 1395 911 1429 una
927 1381 961 1429 D.

121 1445 199 1496 Silani
211 1445 319 1494 consulis
330 1445 460 1506 designati,
468 1445 510 1507 qui
521 1454 601 1493 morte
612 1445 754 1494 multandos
766 1445 820 1494 illos
834 1446 959 1506 censebat,

121 1511 201 1559 altera
220 1511 250 1559 Ο.
263 1511 376 1560 Caesaris
378 1511 438 1573 ,qui
457 1509 512 1558 illos
529 1510 660 1572 publicatis
678 1510 750 1558 bonis
766 1525 810 1573 per
825 1511 962 1572 municipia

121 1576 211 1626 Italiae
223 1574 404 1624 distribuendos
417 1590 447 1623 ec
458 1575 562 1623 vinculis
576 1575 732 1638 sempiternis
742 1575 863 1640 tenendos
874 1576 961 1625 existi-

121 1642 214 1690 mabat.
252 1641 317 1690 Cum
330 1648 414 1688 autem
427 1640 510 1703 plures
527 1648 653 1689 senatores
666 1641 699 1688 ad
713 1641 742 1690 G.
753 1640 868 1689 Caesaris
885 1655 961 1704 quam

121 1707 155 1754 ad
167 1706 201 1755 D.
212 1704 290 1755 Silani
308 1706 454 1754 sententiam
471 1705 591 1754 inclinare
607 1706 756 1766 viderentur,
769 1706 806 1755 M.
816 1705 904 1754 Cicero
920 1721 959 1767 ea,

121 1785 187 1834 quae
202 1770 378 1832 intellegitur,
392 1770 504 1820 oratioue
520 1770 599 1820 Silani
615 1771 766 1821 senteutiam
785 1770 961 1822 commendare

122 1836 225 1886 studuit.

162 1970 189 2029 Ι.
216 1975 242 2029 1.
257 1969 362 2042 Video,
373 1976 469 2048 patres
485 1970 667 2048 conscripti,
659 1989 689 2027 ιιι
705 1990 753 2028 me
770 1971 900 2029 omnium
916 1991 962 2029 ve·

122 2058 213 2110 stmm
228 2057 373 2130 creatque
384 2050 481 2108 oeulos
492 2069 551 2108 esse
562 2069 729 2108 conversos:
746 2049 830 2108 video
841 2070 892 2108 vos
901 2070 961 2108 nou

123 2133 216 2190 solum
232 2114 273 2188 de
284 2137 378 2188 vestro
395 2149 427 2188 ae
443 2129 485 2188 rei
504 2130 643 2207 publicae,
655 2149 753 2187 verum
775 2131 870 2202 etiam,
885 2131 909 2188 si
930 2131 962 2188 id

123 2211 308 2289 depulsums
295 2209 332 2268 sit
353 2209 388 2268 de
408 2229 474 2267 meo
494 2210 621 2288 periculo
642 2229 702 2268 esse
723 2209 867 2268 sollicitos.
908 2210 961 2268 Est

122 2291 195 2349 mihi
209 2255 377 2349 iucund³1n
393 2289 476 2347 malis
490 2297 519 2348 et
532 2289 634 2367 grata
627 2308 657 2346 ιιι
674 2289 772 2347 dolore
785 2296 878 2347 vestra
894 2309 962 2367 erga

122 2391 169 2430 me
183 2371 322 2442 voluntas,
335 2370 386 2428 sed
400 2388 534 2447 semper
547 2370 616 2428 deos
629 2370 812 2440 immortales,
825 2369 961 2445 deponite

124 2459 209 2544 atque
223 2450 306 2508 obliti
320 2451 419 2509 salutis
432 2469 512 2508 meae
523 2448 559 2508 de
569 2449 651 2507 vobis
665 2468 697 2506 ac
708 2447 744 2506 de
754 2449 855 2507 vestris
864 2448 961 2506 liberis

124 2531 256 2608 cogitate.
292 2529 402 2587 Mihi
381 2550 404 2587 s1
392 2515 490 2588 haee
505 2529 636 2588 condicio
651 2529 814 2587 consulatus
828 2528 895 2586 data
908 2536 959 2600 est,

123 2618 157 2669 ut
168 2629 267 2668 omnes
277 2610 452 2682 acerbitates,
463 2629 562 2668 omnes
573 2609 685 2667 dolores
695 2609 892 2702 cruciatusque
900 2627 962 2685 per-

123 2690 236 2770 ferrem,
246 2689 337 2748 feram
351 2708 410 2747 non
425 2690 517 2747 solum
531 2689 653 2768 fortiter,
663 2708 762 2746 verum
776 2689 862 2747 etiam
873 2689 962 2745 liben-

123 2763 175 2842 ter,
185 2770 255 2827 dum
272 2770 361 2827 modo
376 2770 449 2827 meis
464 2760 609 2826 laboribus
625 2769 707 2827 vobis
723 2769 888 2846 populoque
904 2766 961 2824 Ro·

123 2869 210 2908 mano
231 2850 356 2927 dignitas
377 2849 507 2926 salusque
527 2849 661 2942 pariatur.
704 2855 730 2906 2.
749 2849 813 2926 Ego
834 2865 896 2904 sum
913 2847 961 2904 ille

124 2930 231 3002 consul,
247 2937 297 3022 pat
298 2949 342 2987 res
358 2929 579 3021 conscriptioni
595 2949 654 2986 non
668 2928 793 2999 forum,
785 2947 815 2985 ιιι
830 2945 887 3004 quo
902 2945 962 2983 om-

123 3011 169 3066 nis
183 3011 310 3087 aequitas
323 3009 493 3078 continetur,
503 3026 561 3064 non
575 3027 693 3084 cam-pus
707 3005 902 3068 consularibus
914 3025 962 3063 ιιι-

124 3090 221 3168 spiclis
231 3094 419 3159 consecratus,
431 3107 489 3144 non
500 3088 585 3158 curia,
598 3105 742 3145 summum
752 3086 891 3143 auxilium
902 3104 962 3144 om-

124 3170 205 3226 nium
215 3169 354 3246 gentium,
364 3186 423 3224 non
434 3166 545 3238 domus,
555 3185 707 3224 commune
718 3147 892 3244 perfugium,
901 3185 962 3225 uon
