2240 3418
130 121 183 171 ιιι
210 122 250 171 ιιι
267 121 304 172 ιι.
319 121 511 172 amomum
527 119 661 172 (ιιιΑιιο
677 97 889 172 ιιιιιιιιιὸι
904 121 942 172 ιι.

127 222 307 280 ‘consulibus
312 222 507 300 reliquisque
500 221 627 301 imperiis
631 228 667 280 et
676 221 882 299 potestatibus·
901 229 974 300 quae

134 320 193 358 non
210 301 366 393 effugisses,
378 302 433 359 nisi
449 309 479 360 te
499 302 537 359 ad
552 321 631 359 arma
647 300 774 358 Caesaris
794 301 971 362 contulisses-

134 380 233 438 XXII.
245 379 290 438 Tu
291 381 364 452 tu,
356 399 482 458 mquam
492 381 531 438 M.
539 380 660 452 Antoni,
672 379 850 458 princepsC.
859 381 974 440 Caesari

134 461 232 518 omnia
251 460 415 538 perturbare
436 461 563 538 cupienti
583 479 697 518 eausam
718 459 785 519 belli
806 467 906 518 contra
925 481 975 538 pa·

132 539 217 597 triam
238 539 381 598 inferendi
398 539 510 598 dedisti.
552 539 630 609 Quid
646 541 722 598 enim
740 539 819 597 aliud
834 540 882 598 ille
899 541 975 600 dioe-

132 619 201 677 batt
222 638 308 697 quam
324 639 437 678 calisam
455 619 499 676 sui
512 619 720 677 dementissimi
734 619 846 677 consilii
859 626 889 678 et
901 621 974 680 faeti

132 699 289 770 adferebat,
299 699 354 757 nisi
369 699 448 791 quod
461 699 626 756 intercessio
643 699 780 776 neglecta,
792 699 837 756 ius
852 698 975 758 tribuni·
1004 719 1007 724 ’

133 779 209 836 cium
228 743 371 836 sublatum
373 779 623 856 ,circumscriptus
641 797 658 836 a
674 785 774 836 senatu
791 785 865 836 esset
880 779 974 838 Anto

132 859 216 916 niusl
249 858 362 918 Omitto
387 877 472 936 qnam
494 859 564 916 haec
588 857 668 930 falsa,
686 877 772 936 quam
796 857 876 929 levia,
894 877 974 934 prae·

133 938 231 996 sertim
248 957 313 996 cum
334 938 453 996 omnino
473 937 552 996 nulla
567 956 651 996 causa
666 937 741 996 iusta
757 936 890 1014 cuiquam
911 957 973 997 esse

132 1017 225 1095 possit
241 1024 341 1075 contra
355 1017 478 1096 patriam
494 1037 574 1076 arma
589 1017 729 1094 capiendi.
772 1016 830 1075 Sed
846 1017 919 1098 nihil
935 1018 973 1076 de

133 1096 268 1155 Caesare:
293 1096 347 1154 tibi
369 1104 444 1155 certe
465 1095 661 1156 confitendum
682 1103 725 1155 est
744 1115 859 1154 causam
874 1093 974 1174 perni-

132 1176 283 1234 ciosissimi
303 1176 402 1235 belli
394 1196 426 1234 ιιι
448 1194 571 1254 persona
592 1184 644 1235 tua
667 1177 837 1235 constitisse.
880 1181 926 1235 54.
944 1177 973 1236 Ο

132 1256 269 1314 miserum
282 1263 320 1328 te,
333 1276 357 1313 ιι
348 1256 442 1314 'haec
458 1255 603 1334 intelligis,
614 1255 800 1328 miseriorem,
815 1257 839 1313 si
855 1274 914 1314 nou
930 1257 974 1315 in-

127 1334 238 1412 telligis
258 1336 314 1394 hoc
334 1336 437 1394 litteris
458 1335 596 1406 mandari,
616 1335 672 1394 hoc
698 1337 854 1394 memoriae
877 1337 971 1413 prodi,

132 1413 218 1472 huius
238 1416 284 1474 rei
296 1435 333 1473 ne
348 1416 546 1508 posteritatem
563 1380 680 1494 qdidem
699 1415 829 1473 omnium
850 1416 974 1474 sacculo·

98 1562 100 1566 ,
127 1514 196 1552 rum
217 1513 354 1573 umquam
376 1496 574 1553 immemorem
596 1495 668 1565 fore,
683 1495 814 1553 consules
833 1514 868 1553 cx
889 1495 974 1554 Italia

131 1573 273 1651 expulsos,
291 1593 415 1652 cumque
436 1575 473 1632 iis
492 1573 545 1632 Cn.
558 1574 739 1652 Pompeium,
755 1575 866 1653 quod
858 1576 973 1651 imperii

131 1653 233 1731 populi
249 1653 372 1712 Romani
393 1653 480 1711 decus
500 1673 533 1712 ac
552 1654 649 1712 lamen
670 1653 736 1724 fuit,
752 1673 852 1712 omnes
872 1673 973 1713 consu-

131 1732 211 1806 lares,
222 1733 271 1811 qui
287 1752 338 1811 per
354 1733 545 1791 valetudinem
566 1733 682 1811 exsequi
700 1733 810 1791 cladem
831 1733 909 1790 illam
928 1735 974 1792 ιιι-

131 1831 255 1891 gamque
285 1812 454 1890 potuissent,
476 1819 629 1890 praetores,
651 1813 818 1890 praetorios,
839 1813 972 1872 tribunos

131 1891 231 1970 plebis,
242 1911 377 1970 maguam
391 1899 502 1969 partem
520 1899 672 1963 senatus,o
655 1911 770 1950 omnem
787 1892 940 1951 subolem
931 1913 973 1951 ιιι-

131 1979 217 2029 ventu
219 1971 256 2028 tis
257 1990 390 2050 ,unoque
401 1971 488 2029 verbo
499 1991 559 2030 rem
569 1936 713 2049 publicam
717 1972 871 2065 expulsam
886 1979 972 2066 atque

129 2052 349 2110 exterminatam
359 2052 418 2109 suis
432 2051 563 2112 sedime
599 2058 645 2110 55.
658 2043 724 2110 Ut
716 2053 822 2129 igitur
815 2072 845 2110 m
859 2054 974 2111 semini-

131 2131 185 2189 bus
201 2139 245 2190 est
258 2150 343 2189 causa
358 2131 492 2189 arborum
509 2138 539 2189 et
555 2131 698 2210 stirpium,
710 2133 750 2189 sic
763 2131 850 2190 huius
860 2132 974 2192 luctuo-

131 2211 236 2269 sissimr
227 2211 320 2269 belli
336 2230 432 2269 semen
449 2219 482 2269 tu
499 2211 589 2269 fuisti.
631 2211 762 2278 Doletis
761 2211 814 2270 tris
832 2213 975 2271 exercitus

130 2290 232 2368 populi
240 2291 363 2350 Romam
374 2291 555 2349 interfectos
576 2291 722 2350 interfecit
731 2290 885 2350 Antomus
916 2293 975 2351 De·

131 2371 262 2429 sideratis
275 2370 483 2429 clarissimos
459 2389 535 2428 cives
549 2371 631 2429 vobis
645 2378 775 2448 creptos:
797 2373 902 2450 enpurt
912 2372 975 2430 An
1008 2417 1012 2422 .
1106 2437 1110 2450 ,

131 2451 236 2509 tonius.
267 2449 432 2509 Auctoritas
442 2451 843 2510 huiusordinisadflictaest:
860 2451 976 2510 adflixit

131 2529 285 2588 Antonius
327 2530 433 2590 Omuia
453 2530 585 2608 deniqne,
598 2549 670 2608 quae
691 2539 792 2608 postea
807 2531 975 2589 vidimus—

132 2609 202 2687 quid
218 2616 267 2667 aut
269 2629 314 2667 em
332 2610 401 2668 mali
421 2628 480 2668 non
497 2610 706 2668 vidimusI-si
726 2618 805 2668 recte
824 2611 976 2668 ratiocina-

131 2687 234 2759 bimur,
246 2689 296 2746 uni
313 2696 429 2766 accepta
444 2690 600 2748 referemus
616 2689 756 2748 Antonio.
799 2689 843 2748 Ut
860 2689 976 2748 Helena

131 2733 304 2838 Troiadis,
283 2787 323 2825 src
339 2769 393 2826 iste
409 2768 477 2826 huic
493 2769 534 2826 rei
572 2767 681 2826 ublicae
698 2768 765 2826 belli
780 2787 871 2840 causa,
887 2787 976 2826 causa

131 2847 220 2923 pestis
236 2853 322 2938 atque
339 2848 419 2906 exitii
435 2849 500 2906 fuit.
543 2785 681 2925 deliquae
697 2855 793 2925 partes
809 2847 976 2906 tribunatus

131 2926 265 3002 principii
279 2927 393 2984 similes.
428 2927 535 2987 Omma
544 2927 673 3004 perfecit
684 2945 756 3004 quae
770 2935 885 2984 senatus
895 2927 977 2987 salva

130 3023 161 3060 re
177 3005 292 3080 publica
308 3024 344 3063 ne
360 3005 421 3065 fieri
437 3014 555 3084 possent
568 3007 734 3084 perfecerat
770 3006 861 3065 Cuius
874 3014 975 3066 tamen

130 3083 243 3140 scelus
235 3103 265 3140 ιιι
280 3085 382 3142 scelere
396 3087 568 3162 cognoscite.

131 3162 286 3221 -.XXIll
322 3171 369 3222 56.
384 3165 477 3223 Restit
479 3164 564 3223 uehat
580 3163 688 3222 multos
704 3164 819 3224 calamit
807 3172 893 3226 tosos
927 3166 977 3227 In
