2262 3418
113 125 162 174 164
260 125 331 177 PRO
346 126 377 176 Τ.
391 125 507 178 ANNIO
521 125 663 177 MILONE
680 126 822 179 ORATIO.

67 265 71 270 -
113 222 245 282 tenebras
265 224 429 298 abdidisset,
446 243 584 302 magnum
608 225 711 284 Miloni
732 226 791 283 fuit
814 225 953 286 conficere

114 302 192 361 illam
206 310 316 381 pestem
330 305 408 363 nulla
422 324 473 363 sua
488 305 603 376 invidia,
613 305 651 363 M
660 324 726 363 vero
740 304 863 364 Antonii
877 325 954 364 max-

114 383 181 458 ima
189 383 298 461 glorial
338 389 385 442 41.
401 383 497 454 Quidl
517 384 643 443 comitiis
656 385 687 442 in
701 403 804 462 campo
820 385 953 463 quotiens

114 470 241 540 potestas
257 463 331 522 fuiti
352 483 417 522 cum
434 464 482 522 ille
497 463 528 522 in
549 471 648 542 saepta
667 465 823 542 irrupisset,
841 465 953 542 gladios

115 541 341 620 destringendos,
352 543 462 620 lapidos
482 543 627 604 iaciendos
648 544 809 615 curavisset,
821 544 888 603 dein
909 564 953 606 su-

81 633 84 639 “
113 620 176 680 bito
187 621 268 680 vultu
278 623 395 681 Milonis
408 623 574 700 perterritus
584 623 697 700 fugeret
710 624 748 680 ad
757 623 893 696 Tiberim,
901 643 953 682 vos

115 708 144 760 et
163 720 263 760 omnes
282 702 353 760 boni
373 709 440 761 vota
458 703 599 776 faceretis,
614 709 647 761 ut
663 702 766 761 Miloni
786 703 830 761 uti
847 704 953 762 virtuto

115 801 168 839 sua
181 781 290 840 liberet
406 820 408 824 -

155 861 239 920 XVI.
261 860 353 930 Quem
377 861 468 940 igitur
490 881 557 920 cum
581 862 710 921 omnium
734 861 827 940 gratia
849 863 951 935 noluit,

114 939 191 998 bunc
215 940 307 998 voluit
331 960 397 998 cum
421 942 582 1019 aliquomm
607 942 752 1020 querellal
776 961 862 1020 quem
882 943 951 1015 iure,

116 1039 200 1096 quem
224 1020 297 1092 loco,
313 1039 399 1099 quem
422 1028 559 1099 tempore,
576 1040 661 1099 quem
685 1022 804 1099 impune
827 1041 887 1079 nou
910 1029 953 1080 est

115 1118 208 1171 ausus,
219 1099 296 1158 huuc
317 1100 428 1173 iniuria,
442 1101 543 1180 iniquo
560 1101 632 1172 loce,
647 1101 740 1160 alieno
756 1109 895 1179 tempore,
906 1121 954 1179 pe

114 1179 209 1242 riculo
215 1180 386 1258 capitisnon
396 1180 540 1240 dubitavit
550 1181 696 1239 occideret
718 1186 765 1240 42.
777 1182 951 1258 praesertim,

77 1279 79 1281 ·
114 1258 232 1332 iudices,
250 1279 316 1318 cum
339 1260 458 1318 honoris
481 1260 651 1338 amplissimi
671 1261 819 1318 contentio
843 1268 873 1318 et
892 1261 954 1318 dies
1039 1273 1044 1282 '

113 1339 233 1398 comitio
269 1359 298 1396 m
326 1339 462 1413 subesset,
479 1360 536 1418 quo
566 1340 682 1419 quidem
710 1341 953 1418 tempore-scio

114 1419 192 1476 enim
316 1419 419 1477 timida
439 1420 477 1478 sit
497 1419 616 1479 ambitio
637 1427 800 1498 quantaque
821 1427 850 1478 et
867 1439 953 1498 quam

115 1497 237 1558 sollicita
253 1499 291 1557 sit
307 1499 449 1576 cupiditas
465 1499 774 1570 consulatus—omnia,
786 1519 845 1557 non
862 1499 952 1558 modo

115 1597 188 1656 quae
204 1578 374 1656 reprehendi
390 1579 493 1655 palam,
508 1579 559 1638 sed
575 1580 662 1637 etiam
681 1579 801 1637 obscure
818 1599 890 1656 quae
908 1599 954 1637 co-

114 1658 201 1736 gitari
221 1664 350 1736 possunt,
365 1658 508 1729 timemus,
524 1677 676 1732 rumorem,
691 1658 819 1717 fabulam
841 1659 951 1731 falsam,

113 1737 220 1809 fictam,
231 1738 323 1796 levem
334 1737 582 1816 perhorrescimus,
592 1758 642 1796 ora
652 1739 781 1796 omnium
792 1745 878 1816 atque
889 1758 953 1797 ocu·

114 1817 159 1875 los
174 1818 327 1876 intuemur,
369 1816 450 1874 Nihil
467 1825 510 1875 est
526 1818 603 1876 enim
616 1825 677 1876 tam
694 1817 789 1889 molle,
799 1825 860 1876 tam
876 1825 953 1876 tene·

114 1917 187 1970 rum,
197 1905 257 1956 tam
272 1903 322 1954 aut
332 1897 435 1974 fragile
448 1904 498 1955 aut
508 1897 632 1956 flexibile
644 1917 730 1976 quam
740 1897 872 1956 voluutas
886 1917 953 1975 erga

114 1996 168 2034 uos
192 1996 347 2055 sensusque
371 1977 485 2048 cirium,
506 1977 555 2055 qui
578 1997 637 2035 uon
661 1977 750 2035 modo
773 1977 953 2055 improbitati
1065 2011 1068 2015 ·

114 2057 275 2116 irascuntur
298 2056 523 2128 candidatorum,
542 2057 592 2115 sed
611 2057 696 2115 etiam
719 2057 750 2114 in
772 2064 847 2116 recte
867 2057 953 2115 factis

115 2156 199 2215 saepe
209 2137 370 2196 fastidiunt.
391 2141 453 2194 243.
466 2136 553 2194 Hunc
566 2136 655 2214 igitur
665 2136 743 2195 diem
753 2137 847 2213 campi
862 2155 954 2214 spera-

114 2223 178 2274 turn
195 2224 280 2295 atque
301 2223 468 2294 exoptatum
486 2215 540 2274 sibi
556 2235 721 2294 proponens
737 2216 816 2287 Milo,
828 2217 953 2275 cruentis

115 2296 248 2355 manibus
261 2297 351 2356 scelus
365 2303 394 2356 et
403 2296 516 2354 facinus
529 2315 596 2374 prae
610 2312 640 2354 se
653 2296 749 2354 ferens
762 2303 791 2354 et
804 2295 951 2368 confitens,

115 2375 209 2434 adilla
218 2384 338 2454 augusta
346 2376 537 2436 centuriarum
546 2375 829 2454 auspiciaveniebatl
859 2374 953 2445 Quam

115 2454 170 2513 hoc
184 2475 243 2512 non
257 2456 391 2515 credibile
405 2457 435 2515 in
449 2456 521 2514 boc!
544 2475 629 2534 quam
643 2455 719 2514 idem
734 2456 765 2512 in
779 2455 883 2514 Clodio
894 2475 954 2514 non

115 2533 306 2593 dubitandum
328 2536 397 2614 quin
414 2556 444 2594 se
460 2535 508 2594 ille
524 2535 681 2594 interfecto
698 2535 806 2596 Milone
822 2542 954 2612 regnatu·

114 2633 179 2672 rum
193 2616 324 2691 putaret!
341 2642 345 2648 ·
360 2615 455 2685 Quidl
476 2616 555 2694 quod
565 2622 651 2694 caput
665 2621 716 2688 est,
727 2614 870 2686 audaciae,
881 2615 954 2672 iudi-

116 2713 171 2765 ces,
183 2695 247 2772 quis
260 2695 374 2772 ignorat
390 2696 545 2754 maximam
561 2695 722 2754 illecebram
739 2713 800 2753 esse
815 2694 953 2772 peccandi

115 2773 296 2850 impunitatis
310 2776 409 2851 speml
445 2775 480 2832 lu
494 2783 559 2834 utro
573 2775 745 2854 igiturhaoc
758 2774 836 2832 fuitl
856 2774 886 2830 in
901 2773 954 2830 Mi·

116 2851 190 2924 lone,
202 2853 253 2930 qui
269 2855 355 2911 etiam
372 2873 448 2912 nunc
465 2873 529 2913 reus
545 2864 589 2914 est
601 2856 672 2914 facti
685 2862 735 2913 aut
751 2854 888 2932 praeclari
904 2861 954 2911 aut

116 2939 192 2990 certe
205 2933 362 3004 necessarii,
374 2953 410 2990 au
425 2934 456 2990 in
469 2933 581 3006 Clodio,
590 2936 639 3013 qui
650 2935 691 2993 ita
703 2935 810 2993 iudicia
819 2951 954 3012 poenam-

117 3030 173 3087 que
189 3019 408 3091 contempserat,
419 3020 453 3071 ut
469 3033 535 3072 eum
551 3014 623 3073 nihil
640 3014 792 3074 delectaret
809 3014 888 3092 quod
903 3020 954 3072 aut

116 3108 168 3167 per
181 3098 312 3149 naturam
325 3093 370 3150 fas
384 3100 458 3152 esset
471 3100 521 3152 aut
534 3114 586 3171 per
597 3094 675 3171 leges
688 3094 803 3152 liceretl

108 3217 122 3258 ‚⁴
157 3173 204 3230 44.
216 3169 275 3230 Sed
285 3171 355 3250 quid
364 3191 419 3250 ego
429 3175 630 3250 argumentari
648 3173 718 3252 quid
727 3174 810 3252 plura
819 3173 954 3249 disputol
