2262 3418
123 125 170 172 116
315 123 386 175 PRO
402 123 603 174 urrunnun
619 122 762 175 ORATIO.

122 225 252 283 nostrum
272 225 310 283 sit
328 225 359 283 in
377 225 433 284 hoc
453 224 596 302 praeclaro
617 225 767 283 consulatu
786 245 845 283 non
865 225 959 300 video,

121 304 237 362 iudices.
279 303 359 373 Quae
371 324 438 362 vero
452 305 613 364 miseranda
626 312 701 377 suut,
713 324 748 362 ea
763 305 879 363 etmihi
893 314 960 364 ante

122 384 220 440 oculos
232 391 380 442 versantur
395 392 424 442 et
437 403 489 442 vos
502 384 598 442 videre
614 391 644 442 et
657 384 815 462 perspicere
829 387 958 463 potestis

121 461 198 520 XLI.
217 461 256 533 Si,
272 463 350 539 quod
363 463 495 540 luppiter
513 483 598 520 omen
619 465 743 522 avertat!
763 463 840 522 hunc
858 465 960 522 vestris

122 542 271 599 sententiis
297 541 471 614 adflixeritis,
494 561 551 620 quo
576 561 605 600 se
632 543 719 600 miser
741 543 852 602 verteti
899 543 983 601 Do·-

121 622 257 679 mumnel
277 628 310 679 ut
329 640 393 680 eam
412 621 568 699 imaginem
588 621 737 679 clarissimi
756 623 818 694 viri,
833 622 960 699 parentis

122 700 173 772 sui,
184 719 269 777 quam
282 701 381 777 paucis
395 708 460 758 ante
474 700 575 760 <liebus
588 701 743 758 laureatam
757 701 787 758 in
802 721 853 758 sua
865 708 961 779 gratu-

15 849 20 858 ,
120 779 227 838 latione
251 781 407 857 conspexit,
429 780 559 838 eamdem
583 780 774 838 deformatam
800 781 961 857 ignominia

120 858 323 937 lugentemque
343 859 456 916 videetl
480 879 516 916 au
540 859 577 916 ad
596 860 737 918 matrem?
761 879 833 938 quae
856 861 960 918 misera

121 938 209 994 modo
223 938 368 996 consulem
383 938 509 996 osculata
521 937 612 996 filium
627 959 718 1011 suum,
729 958 804 997 nunc
818 940 960 998 cruciatur

121 1022 151 1074 et
174 1016 296 1074 sollicita
318 1024 362 1076 est
385 1037 421 1075 ne
442 1017 575 1076 eumdem
595 1018 692 1096 paullo
712 1027 779 1096 post
803 1019 958 1097 spoliatum

122 1097 201 1153 omni
217 1096 358 1173 <lignitate
378 1097 553 1174 conspiciat?
594 1104 640 1156 89.
659 1097 717 1156 sed
737 1098 807 1176 quid
827 1117 882 1175 ego
901 1118 960 1156 ma-

121 1182 194 1233 trem
211 1182 261 1233 aut
277 1176 397 1236 domum
413 1177 534 1254 appellO,
546 1196 632 1253 quern
649 1197 723 1235 nova
735 1197 830 1256 poena
841 1177 913 1254 legis
930 1185 960 1236 et

121 1254 209 1313 domo
229 1262 259 1314 ct
278 1263 395 1332 parente
414 1265 444 1315 et
464 1257 595 1314 omnium
616 1276 731 1314 suorum
753 1257 959 1315 consuetudine

121 1342 332 1412 conspectuque
346 1337 458 1413 privati
491 1335 551 1393 Ibit
563 1336 653 1413 igitur
664 1337 695 1393 in
710 1336 841 1394 exsilium
855 1337 960 1394 miseri

122 1413 204 1482 Quor
244 1413 293 1472 Ad
307 1415 460 1473 Orientisne
473 1422 576 1492 partes,
586 1416 616 1472 iu
631 1415 735 1492 quibus
749 1435 839 1474 annos
852 1416 960 1474 multos

66 1489 69 1496 '
121 1493 231 1570 legatus
254 1494 320 1565 fnit,
342 1495 481 1552 exercitus
504 1494 595 1566 (luxit,
616 1514 661 1552 res
687 1496 827 1553 maximas
853 1496 960 1573 gessit?

121 1570 269 1631 Achates
289 1593 426 1651 magnum
447 1573 583 1645 dolorem,
599 1574 677 1633 unde
696 1594 762 1634 cum
783 1575 893 1633 honore
913 1575 960 1633 dc

122 1653 245 1723 cesseris,
263 1652 365 1710 eodem
385 1672 451 1711 cum
471 1653 631 1730 ignominia
650 1654 760 1712 reverti.
808 1655 858 1712 An
879 1674 909 1712 se
928 1654 960 1711 iu

121 1731 292 1789 contrariam
311 1738 422 1808 partem
438 1739 576 1790 terrarum
595 1733 689 1805 abdet,
701 1742 735 1792 ut
750 1733 844 1792 Gallia
859 1734 960 1791 Trans·

121 1810 224 1887 alpina,
235 1829 319 1887 quern
333 1829 425 1889 nuper
435 1831 548 1868 summo
558 1831 624 1870 cum
638 1813 760 1890 imperio
771 1813 959 1871 libentissime

121 1890 232 1961 viderit,
247 1890 380 1948 eumdem
400 1889 555 1968 lugentem,
572 1899 755 1964 maerentem,
774 1893 900 1951 exsulem
920 1893 960 1950 vi·

8 2033 9 2038 ¹
121 1969 206 2027 desti
239 1968 274 2026 In
288 1988 321 2028 ea
330 1970 577 2047 porro·provincia
587 1990 644 2047 quo
658 1973 756 2030 animo
767 1971 799 2030 O.
810 1973 959 2030 Murenam

120 2049 239 2106 fratrem
259 2067 342 2107 suum
359 2049 495 2125 aspicietl
535 2049 593 2118 Qui
609 2050 695 2108 huius
711 2051 802 2124 dolor,
817 2052 867 2128 qui
883 2051 963 2112 illius

120 2147 232 2185 maeror
244 2128 307 2201 erit,
317 2149 389 2206 quae
399 2129 546 2206 utriusque
556 2129 732 2203 lamentatis,
744 2138 850 2208 quanta
863 2138 959 2190 autem

120 2207 297 2284 perturbatio
310 2209 444 2266 fortunae
460 2216 546 2286 atque
562 2211 710 2282 sermonis,
722 2230 796 2282 cum,
809 2211 913 2288 quibus
929 2211 959 2268 in

121 2287 191 2344 locis
208 2287 307 2364 paucis
325 2295 392 2346 ante
408 2287 509 2346 diebus
524 2289 635 2346 factum
654 2309 714 2348 esse
733 2289 880 2348 consulem
898 2289 975 2360 Mu·-

121 2385 217 2423 renam
226 2368 324 2425 nuncii
332 2367 499 2445 litteraeque
509 2369 698 2427 celebrassent
706 2376 736 2427 et
743 2370 821 2427 uude
831 2369 960 2447 hospites

121 2453 206 2522 atque
215 2446 301 2504 amici
310 2446 485 2524 gratulatum
495 2447 619 2506 Romam
630 2449 832 2521 concurrerint,
842 2456 959 2526 repente

121 2525 261 2583 exstiterit
280 2525 342 2602 ipse
362 2527 480 2584 nuntius
500 2547 567 2586 suae
587 2527 775 2587 calamitatisl
816 2534 862 2587 90.
880 2529 959 2597 Quae

121 2603 145 2660 si
159 2603 266 2675 acerba,
279 2604 303 2661 si
318 2605 429 2677 misera,
441 2606 466 2663 si
481 2606 612 2665 luctuosa
627 2615 703 2679 sunt,
715 2608 739 2665 si
755 2607 927 2666 alienissima
942 2627 960 2664 a

121 2683 339 2741 mansuetudine
363 2689 392 2742 et
415 2685 611 2745 misericordia
634 2693 734 2759 vestra,
755 2687 872 2758 iudices,
894 2705 960 2744 con-

8 2829 9 2834 ,
121 2768 229 2819 servate
245 2762 346 2840 populi
362 2764 487 2822 Romani
499 2759 686 2824 beneficium:
707 2765 818 2824 reddite
834 2765 876 2823 rei
889 2765 960 2843 pub-

120 2840 191 2898 licae
211 2842 374 2901 consulem:
396 2843 463 2902 date
483 2843 539 2902 hoc
558 2845 649 2921 ipsius
670 2843 782 2921 pudori,
797 2845 863 2902 date
884 2844 959 2921 patri
1031 2885 1033 2890 -

120 2926 243 2992 mortuo,
253 2920 320 2980 <iate
333 2923 431 2999 generi
445 2929 474 2980 et
486 2923 621 2992 familiae,
631 2923 698 2980 date
712 2923 799 2980 etiam
810 2922 959 2980 Lanuvino

120 2999 280 3077 municipio
293 3000 504 3071 honestissimo,
517 3002 595 3079 quod
610 3002 641 3058 in
658 3001 711 3059 hac
727 3008 790 3059 tota
806 3019 890 3058 causa
905 3002 960 3058 fre·

141 3096 211 3135 ucns
229 3086 426 3156 maestumque
444 3079 564 3137 vidistis.
607 3079 704 3136 Nolite
723 3098 740 3136 a
758 3080 844 3137 sacris
859 3080 960 3156 patriis

121 3095 240 3214 lunonis
256 3156 395 3234 Sospitae,
410 3157 457 3215 cui
476 3177 576 3215 omncs
592 3157 721 3215 consules
736 3158 830 3215 facere
846 3176 960 3215 necesse
