2262 3412
398 145 478 199 CAP.
493 146 622 210 IV.-VL‚
638 145 653 208 ὅ
667 148 741 199 8-13.
778 179 781 184 ,
810 161 814 170 ’
958 150 993 200 83

149 245 255 306 satoria
271 265 358 326 quam
374 267 441 307 vera
459 248 668 308 maledicendi
689 247 940 308 facultasdevita
958 249 990 310 L.
1039 259 1042 266 '
1124 229 1126 236 Ι

149 327 285 386 Murenae
301 327 395 386 dicere
412 328 522 407 aliquid
538 329 673 407 coegerit.
716 328 838 388 Obiecta
853 335 897 387 est
913 329 991 388 enim
1099 355 1101 360 ·

149 406 237 465 Asia:
258 425 331 485 quae
349 407 458 466 abhoc
476 427 536 466 non
555 409 593 466 ad
608 408 786 487 voluptatem
804 415 834 466 et
850 408 991 470 luxuriam

149 488 277 564 expetita
296 493 340 545 est
363 488 414 546 sed
432 489 463 546 in
483 488 601 546 militari
620 488 716 546 labore
735 495 891 566 peragrata
934 487 991 558 Qui

149 568 175 625 si
184 531 349 625 adolescenl
359 575 439 645 patre
453 587 506 627 sno
517 569 688 646 imperatore
701 587 760 625 non
775 568 933 640 memisset,
941 576 992 628 aut

149 646 263 704 hostem
282 654 333 705 ant
348 648 438 724 patris
454 649 607 726 imperium
624 648 753 706 timuisse
774 655 824 706 aut
841 667 858 706 a
873 656 991 726 parente

149 726 317 804 repudiatus
326 727 477 786 videretur.
514 727 564 786 An
575 747 641 785 cum
652 727 749 791 sedere
759 728 791 786 in
801 728 883 805 equis
892 727 992 786 trium-

149 807 302 884 phantium
320 808 493 885 praetextati
511 808 696 885 potissimum
716 807 769 866 filii
790 807 908 878 soleant,
924 807 991 866 hnic

150 886 234 944 donis
247 886 419 946 militaribus
432 889 523 966 patris
536 887 716 966 triumphurn
729 888 863 946 decorare
878 887 991 964 fugien-

150 967 220 1024 dum
231 967 346 1039 fuit-ne
360 969 390 1024 in
404 967 488 1026 rebus
502 969 694 1027 communiter
703 968 792 1045 gestis
805 986 895 1046 paene
906 967 990 1024 simul

149 1065 216 1104 cum
240 1055 321 1125 patre
344 1048 553 1126 triumpharetl
595 1053 641 1107 12.
659 1048 718 1106 Hic
738 1067 814 1119 vero,
829 1047 946 1118 iudices,
961 1054 991 1105 et

148 1127 208 1185 fnit
227 1128 257 1184 in
274 1127 347 1186 Asia
366 1135 397 1186 et
412 1128 474 1187 viro
492 1127 661 1199 fortissimo,
675 1128 788 1206 parenti
808 1147 868 1198 suo,
883 1145 990 1204 magno

150 1205 317 1265 adiumento
334 1208 364 1265 in
381 1207 522 1286 periculis,
535 1208 640 1266 solacio
657 1208 687 1264 in
704 1206 857 1279 laboribus,
869 1207 991 1283 gratula-

149 1287 224 1344 tioni
237 1287 267 1344 in
282 1288 403 1345 victoria
416 1289 481 1347 fuit.
522 1288 562 1346 Et
576 1289 599 1346 si
614 1287 700 1346 habet
713 1286 785 1344 Asia
801 1287 990 1363 suspitionem

149 1365 276 1425 luxuriae
288 1368 450 1445 quamdam,
462 1387 520 1425 non
531 1367 633 1426 Asiam
646 1386 804 1444 numquam
815 1367 928 1438 vidisse,
940 1366 991 1431 sed

149 1445 180 1502 in
198 1446 271 1505 Asia
290 1448 471 1506 continenter
486 1448 589 1506 vixisse
606 1447 781 1505 laudandum
803 1453 853 1506 est
896 1445 990 1516 Quam

150 1525 188 1583 ob
201 1546 336 1590 remnon
346 1527 434 1586 Asiae
447 1547 553 1588 nornen
568 1526 762 1586 obiiciendum
773 1527 908 1586 Murenae
921 1527 988 1599 fuit,

149 1625 184 1663 ex
198 1627 255 1684 qua
268 1607 329 1665 laus
342 1608 476 1680 familiae,
483 1608 623 1666 memoria
636 1607 741 1685 generi,
750 1607 842 1665 honos
856 1614 885 1666 et
898 1607 991 1686 gloria

149 1687 261 1744 nomini
281 1688 438 1746 constituta
458 1694 509 1760 est,
522 1689 573 1746 sed
589 1687 707 1767 aliquod
723 1694 773 1746 aut
792 1687 824 1745 in
844 1686 916 1746 Asia
932 1707 991 1746 sus·

149 1774 265 1844 ceptum
279 1774 330 1826 aut
340 1787 374 1826 ex
384 1768 456 1826 Asia
466 1768 648 1846 deportatum
659 1767 802 1846 flagitium
813 1787 845 1826 ao
856 1767 987 1826 dedecus.

149 1845 286 1905 Meruisse
299 1867 367 1905 vero
381 1847 525 1924 stipendia
538 1849 568 1905 in
585 1867 619 1906 eo
633 1847 717 1920 bello,
730 1847 809 1925 qnod
822 1855 885 1905 tum
899 1866 990 1925 popu-

148 1925 193 1982 lus
207 1927 354 1983 Romanus
370 1945 429 1984 nou
445 1927 534 1983 modo
550 1928 717 1998 maximum,
730 1928 780 1984 sed
794 1928 881 1986 etiam
896 1927 988 1984 solum

149 2004 274 2081 gerebat,
289 2006 411 2076 virtutis,
429 2012 510 2082 patre
530 2006 702 2083 imperatore
722 2005 909 2065 libentissime
931 2027 989 2065 me-
1010 2042 1014 2049 ·

149 2084 239 2142 ruisse
256 2085 380 2161 pietatis,
395 2084 482 2142 finem
504 2085 713 2162 stipendiorum
733 2087 823 2162 patris
839 2087 988 2144 victoriam

149 2182 183 2221 ac
196 2164 374 2242 triumphum
389 2165 478 2222 fuisse
492 2164 638 2222 felicitatis
650 2165 716 2222 fuit
759 2165 913 2223 Maledicte
929 2166 990 2242 qui-

148 2243 216 2301 dem
227 2244 334 2302 idcirco
348 2243 421 2301 nihil
431 2244 462 2301 iu
475 2243 554 2302 hisee
567 2244 652 2303 rebus
665 2243 722 2302 loci
735 2251 787 2316 est,
799 2244 879 2322 quod
892 2245 990 2302 omnia

149 2322 210 2381 laus
224 2324 381 2402 occupavit

189 2403 241 2463 VI.
279 2409 325 2463 13.
347 2403 519 2462 Saltatorem
543 2402 667 2482 appellat
687 2402 718 2461 Ia
735 2402 884 2462 Murenam
905 2402 986 2464 Cato·

149 2482 334 2542 Maledictum
351 2491 403 2557 est,
415 2485 440 2542 si
453 2503 519 2543 vere
532 2483 674 2556 obiicitur,
686 2483 864 2542 vehementis
877 2503 989 2544 accusa·

147 2564 235 2622 toris:
257 2565 302 2622 sin
315 2565 397 2636 falso,
409 2565 541 2624 maledici
555 2565 758 2623 convitiatoris
801 2563 908 2634 Quare
922 2585 988 2624 curn

147 2644 204 2701 ista
217 2645 255 2702 sis
271 2646 449 2717 auctoritate,
461 2665 520 2703 non
537 2644 631 2716 debes,
645 2644 746 2716 Marce,
759 2645 887 2722 adripere
903 2646 989 2703 male

148 2724 259 2782 dictum
280 2744 315 2782 ex
335 2725 420 2783 trivio
442 2732 491 2783 aut
511 2745 546 2782 ex
567 2742 724 2782 scurrarum
746 2725 842 2803 aliquo
861 2725 987 2784 convitio

147 2823 241 2883 neque
261 2811 368 2863 temere
389 2805 535 2863 consulem
555 2804 656 2882 populi
677 2804 802 2863 Romani
824 2805 987 2863 saltatorem

148 2903 257 2957 vocare,
270 2885 321 2943 sed
337 2883 552 2962 circumspicere
569 2885 673 2962 quibus
688 2892 834 2962 praeterea
847 2885 924 2943 vitiis
940 2885 988 2942 ad-

147 2964 256 3023 fectum
272 2985 332 3023 esse
345 2984 459 3022 necesse
473 2965 510 3022 sit
520 2984 595 3036 eum,
603 2965 649 3023 eui
660 2984 724 3022 vere
738 2965 816 3022 istud
827 2963 914 3021 obiici
923 2983 988 3042 pos-

148 3045 193 3103 sit
236 3045 330 3104 Nemo
352 3045 429 3103 enim
452 3046 512 3103 fere
534 3045 618 3103 saltat
638 3043 758 3116 sobrius,
773 3044 829 3101 nisi
849 3044 926 3102 forte
946 3045 988 3102 in-

148 3124 230 3196 sanit,
246 3144 338 3203 neque
354 3125 385 3182 in
406 3124 560 3184 solitudine
580 3144 673 3202 neque
689 3124 720 3182 in
738 3123 870 3182 convivio
890 3124 988 3181 mode·

143 3211 211 3262 -rato
234 3211 321 3283 atque
344 3203 474 3278 honesto.
516 3203 692 3282 Tempestivi
719 3203 852 3277 convivii,
874 3203 988 3264 amoeni
