2262 3412
139 103 173 154 84
321 104 410 156 'PRO
424 103 456 155 L.
467 103 621 158 MURENA
638 103 781 160 ORATIO.

92 209 95 216 '
140 206 204 278 loci,
214 205 369 264 'multamm
380 207 545 266 deliciarum
557 226 653 264 eomes
667 214 710 265 est
720 214 846 266 extrema
857 205 982 267 saltatio.

32 302 36 310 ·
96 355 98 359 ,
139 286 185 344 Tu
201 286 274 344 mihi
290 287 398 364 adripis
414 287 452 358 id,
466 287 544 365 quod
560 306 673 345 necesse
690 295 734 345 est
750 287 881 344 omnium
898 288 980 344 vitio·

139 385 203 422 rum
223 386 283 424 esse
299 375 494 443 postremum:
516 367 652 444 relinquis
669 367 725 439 illa,
738 367 841 446 quibus
861 367 980 424 remotis

139 445 195 503 hoc
209 446 310 503 vitium
329 447 447 504 omnino
468 467 528 505 esse
545 466 602 504 non
619 453 723 524 potest.
758 446 878 504 Nullum
896 453 979 524 turpe

140 525 312 598 convivium,
320 544 379 583 non
388 545 476 598 amor,
486 545 545 585 non
556 527 733 598 comessatio,
744 523 802 584 noh
811 525 910 598 libido,
920 546 979 584 non

140 612 272 682 sumptus
286 607 454 678 ostenditur,
467 613 496 664 et
509 626 575 664 cum
592 626 625 664 ea
638 626 696 664 non
711 606 895 683 reperiantur,
908 625 979 684 quae

139 685 296 762 voluptatis
309 705 415 744 nomen
429 685 544 758 habent,
557 705 730 764 quamquam
744 686 848 743 vitiosa
862 694 936 758 sunt,
947 687 978 744 in

140 784 198 842 quo
212 765 303 842 ipsam
318 764 459 823 luxuriam
473 766 595 843 reperire
609 785 667 823 non
679 773 770 842 potes,
781 766 813 822 in
827 784 861 823 eo
875 773 904 823 te
919 786 979 824 urn-

138 843 219 901 bram
236 844 364 904 luxuriae
380 852 559 922 reperturum
579 847 682 922 putas'l
725 851 770 904 14.
788 845 870 903 Nihil
891 846 980 922 igitur

87 985 90 988 ,
139 923 169 980 in
187 924 276 982 vitam
292 924 323 982 L.
334 925 470 983 Murenae
486 925 545 983 dici
560 932 665 1002 potest,
681 925 761 996 nihil,
777 925 903 1002 inquam,
919 945 979 982 om-

139 1003 216 1062 nino.
259 1003 370 1062 Iudicio
390 1006 430 1062 sie
449 1026 466 1063 a
483 1013 534 1064 me'
549 1006 648 1063 consul
667 1006 832 1082 designatus
851 1005 979 1063 defendi·
1059 1028 1060 1032 ¹

138 1090 194 1155 tur,
206 1091 240 1141 ut
256 1085 317 1142 eins
333 1085 412 1143 nulla
427 1086 513 1158 trans,
525 1086 603 1144 nulla
620 1086 745 1157 avaritia,
756 1085 834 1142 nulla
849 1084 976 1163 perfidia,

138 1163 217 1221 nulla
231 1164 390 1237 crudelitas
402 1166 512 1224 nullum
527 1165 658 1243 petulans
675 1166 785 1223 dietum
799 1166 828 1222 in
843 1165 903 1222 vita
914 1185 978 1242 pro·

138 1244 253 1303 feratur.
289 1245 370 1304 Bene
384 1245 486 1304 habet:
507 1247 583 1304 iacta
599 1253 665 1304 sunt
678 1245 868 1302 fundamenta
882 1245 979 1302 defen-

139 1324 235 1383 sionis.
277 1325 416 1384 Nondum
434 1327 511 1384 enim
527 1327 633 1384 nostris
646 1324 786 1397 laudibus,
797 1324 901 1402 quibus
915 1333 979 1382 utar

138 1412 248 1485 postea,
260 1405 310 1462 sed
326 1424 415 1484 prope
428 1406 611 1463 inimieorum
628 1405 808 1464 confessione
822 1405 915 1462 virum
929 1404 979 1462 bo·

139 1504 208 1541 num
228 1492 315 1562 atque
338 1485 482 1562 integrum
503 1485 651 1542 hominem
676 1485 866 1544 defendimus,
908 1484 975 1543 VII.

137 1563 204 1634 Quo
218 1564 376 1622 constituto
390 1565 502 1623 facilior
516 1574 559 1623 est
572 1565 645 1622 mihi
659 1565 754 1624 aditus
768 1565 806 1622 ad
819 1565 978 1623 eontentio-

29 1678 31 1682 ,
137 1663 204 1702 nem
220 1644 378 1722 dignitatis,
391 1664 463 1723 quas
476 1665 542 1722 pars
555 1645 643 1703 altera
655 1645 714 1703 fnit
727 1646 922 1704 accusationis.

139 1763 142 1768 -
179 1729 224 1782 15.
241 1723 390 1782 Summam
406 1725 490 1782 video
511 1745 571 1783 esse
587 1725 618 1782 in
634 1733 672 1796 te,
688 1725 745 1784 Ser.
756 1725 874 1803 Sulpici,
886 1725 978 1803 digni·

137 1810 227 1862 tatem
248 1805 367 1882 generis,
382 1805 564 1882 integritatis,
582 1805 738 1863 industriae
762 1813 977 1883 ceterorumque

138 1891 370 1942 ornamentorum
381 1886 519 1956 omniurn,
532 1885 635 1963 quibus
649 1886 755 1944 fretum
767 1885 804 1942 ad
814 1885 977 1943 consulatus

136 1965 307 2040 petitionem
321 1965 439 2042 adgredi
452 1985 504 2042 par
517 1973 567 2024 est.
604 1965 689 2024 Paria
699 1980 841 2042 cognosco
852 1984 912 2022 esse
921 1965 977 2022 ista
1007 2020 1008 2023 ,

136 2043 167 2100 in
182 2043 213 2102 L.
224 2043 343 2102 Murena
356 2054 442 2123 atque
456 2046 497 2104 ita
510 2046 641 2123 pariant
654 2065 746 2122 neque
760 2046 822 2122 ipse
836 2045 977 2122 dignitate

137 2142 154 2178 a
168 2131 192 2180 te
202 2124 278 2182 vinci
289 2126 416 2202 potuerit
427 2145 518 2203 neque
529 2133 558 2184 te
569 2125 710 2203 dignitate
721 2125 868 2203 superarit.
901 2125 976 2182 Con·

136 2205 280 2281 tempsisti
298 2204 328 2275 L.
340 2205 474 2264 Murenae
489 2224 605 2284 genus:
630 2205 757 2263 extulisti
777 2212 869 2264 tuum.
911 2204 976 2273 Quo

137 2283 201 2341 loeo
215 2285 238 2341 si
252 2284 307 2342 tibi
321 2285 376 2343 hoc
390 2287 486 2357 sumis,
497 2287 551 2344 nisi
566 2285 615 2363 qui
629 2283 766 2363 patricius
776 2286 821 2356 sit,
832 2285 975 2342 neminem

137 2362 214 2421 bono
237 2383 297 2422 esse
318 2384 429 2442 genere.
444 2374 553 2438 natum,
567 2366 640 2423 ‘facis
661 2373 694 2423 ut
713 2385 809 2423 rursus
828 2364 924 2442 plebes
946 2365 975 2432 in

137 2442 314 2502 Aventinum
327 2447 485 2503 sevocanda
495 2466 556 2504 esse
566 2446 703 2503 videatur.
737 2445 788 2502 Sin
799 2452 894 2502 autem
909 2452 976 2502 sunt

137 2523 248 2600 amplae
269 2530 299 2582 et
315 2524 451 2584 honestae
467 2526 594 2584 familiae
610 2525 746 2602 plebeiae,
758 2532 795 2582 et¹
804 2544 926 2601 proavus
942 2523 974 2582 Ia

137 2601 272 2662 Murenae
293 2611 322 2663 et
338 2625 407 2664 avus
423 2614 537 2683 praetor
553 2607 610 2664 fuit
629 2613 658 2664 et
674 2613 763 2682 pater,
776 2625 841 2662 cum
862 2603 976 2682 amplis·

137 2683 208 2741 sime
229 2691 315 2762 atque
335 2685 535 2746 honestissime
555 2706 590 2744 ex
610 2693 743 2763 praetura
762 2684 974 2761 triumphasset,

136 2761 192 2820 hoe
213 2764 370 2823 faciliorem
390 2766 458 2823 huic
477 2766 598 2843 gradum
619 2766 782 2824 consulatus
799 2764 976 2841 adipiscendi

135 2842 259 2920 reliquit,
272 2845 350 2922 quod
366 2845 391 2903 is
408 2846 463 2902 iarn
481 2847 556 2922 patri
575 2846 688 2904 debitus
707 2865 724 2903 a
740 2844 800 2902 filio
816 2842 974 2921 petebatur.

139 2927 184 2981 16.
205 2924 267 2982 Tua
287 2944 354 2982 vero
375 2925 517 2996 nobilitas,
530 2925 588 2984 Ser.
599 2925 716 3002 Sulpici,
728 2925 844 2989 tametsi
865 2929 977 2981 sur'nrna

136 3008 188 3074 est,
198 3010 295 3062 tamen
305 3003 471 3061 hominibus
481 3004 613 3062 litteratis
624 3013 652 3062 et
662 3005 806 3062 historicis
816 3010 860 3061 est
869 3004 974 3074 notior,

70 3082 73 3088 '
136 3082 245 3160 populo
254 3103 320 3142 vero
332 3090 361 3140 et
369 3083 602 3159 suffragatoribus
612 3083 765 3141 obscurior.
802 3083 888 3142 Pater
899 3084 976 3142 enirn

136 3161 195 3220 fuit
206 3163 329 3243 equestri
340 3162 421 3220 loco:
439 3180 507 3220 avus
517 3163 595 3221 nulla
605 3162 707 3222 illustri
716 3163 799 3221 laude
810 3163 975 3226 celebratus
