2262 3418
119 127 168 176 rso
300 123 370 175 rso
386 124 423 174 ιι.
438 95 632 175 nasorum
648 122 790 175 enarro.

118 225 276 284 maximum
291 231 341 298 est,
353 231 449 282 toturn
470 231 521 295 est,
533 225 659 302 inquam,
671 231 762 283 tuum.
804 223 886 282 Nihil
902 225 957 284 sibi

118 325 153 364 ex
167 306 222 363 ista
235 305 319 362 lande
336 305 473 376 centurio,
485 304 557 362 nihil
573 305 743 381 praefectus,
755 303 828 361 nihil
845 303 955 377 cohors,

118 384 191 442 nihil
204 391 300 443 turma
315 383 458 461 decerpit:
477 385 546 460 quin
560 385 646 442 etiam
661 383 709 442 illa
723 383 785 461 ipsa
798 403 892 441 rerum
906 383 957 442 hu·

117 483 266 522 manarum
283 465 408 536 domina,
421 463 555 535 Fortuna,
570 464 600 520 in
616 464 699 522 istius
716 464 882 521 societatem
898 464 957 541 glo

117 545 175 602 riae
197 563 227 602 se
249 564 309 603 non
334 544 427 616 offert,
443 543 498 602 tibi
522 543 606 616 cedit,
623 551 704 602 tuam
728 563 788 602 esse
812 549 903 606 totam
928 551 957 602 et

40 681 46 692 ,
117 625 263 717 propriam
284 625 397 683 fatetur.
440 623 606 702 Numquam
627 624 705 682 enirn
725 623 871 681 temeritas
890 643 956 681 cum

118 705 259 797 sapientia
271 705 473 763 commiscetur
485 723 578 782 neque
594 703 632 762 ad
646 703 798 762 consilium
815 723 896 762 casus
910 704 956 761 ad-

17 803 20 810 *
116 785 251 843 mittitur

157 863 211 922 III.
241 871 266 923 8.
279 863 426 922 Domuisti
436 871 536 942 gentes
546 864 725 922 immanitate
735 863 876 934 barbaras,
885 863 955 920 mul·

117 943 241 1001 titudine
255 944 484 1015 innumerabiles,
494 944 564 1002 locis
574 944 798 1015 infinitas,omni
808 943 956 1020 copiarum

116 1041 220 1100 genere
234 1022 426 1082 abundantes.
449 988 498 1082 sed
508 1030 605 1082 tamen
620 1044 653 1084 ca
666 1025 760 1082 vicisti
760 1043 852 1102 ,quae
866 1030 896 1081 et
909 1042 957 1080 na-

117 1109 211 1159 turam
235 1109 265 1160 et
289 1102 488 1161 condicionem
512 1110 545 1161 ut
565 1104 641 1161 vinci
663 1111 781 1181 possent
769 1101 954 1162 thabebant

117 1181 205 1239 Nulla
224 1188 268 1240 cst
287 1183 364 1240 enim
381 1189 462 1242 tanta
477 1183 521 1240 vis
537 1202 609 1261 quae
629 1202 689 1240 non
705 1183 782 1241 ferro
803 1190 833 1241 et
848 1182 957 1241 viribus

117 1260 260 1319 debilitari
284 1261 436 1339 frangique
459 1263 559 1339 possit.
600 1261 742 1320 Animum
766 1263 886 1333 vincere,
904 1263 957 1320 ira

117 1339 251 1398 cundiam
272 1340 412 1433 cohibere,
427 1341 562 1399 victoriae
582 1348 749 1418 temperare,
764 1307 956 1399 adversaiium

116 1419 410 1497 nobilitate',1ngeuio,
419 1420 525 1478 virtute
535 1427 727 1498 praestantem
738 1440 797 1478 non
811 1421 899 1478 modo
910 1440 957 1479 ex-

116 1499 215 1556 tollere
229 1500 377 1571 iacentem,
388 1500 534 1568 sedetiam
549 1500 759 1579 amplificare
735 1519 795 1558 erus
805 1500 877 1577 prist
877 1501 955 1558 inam

117 1579 297 1656 dignitatem,
306 1578 377 1637 haee
388 1599 438 1657 qur
429 1579 530 1650 facit,
540 1599 598 1637 nou
614 1599 667 1656 ego
682 1599 748 1638 eum
760 1599 824 1637 cum
836 1580 956 1637 summis

116 1658 191 1716 viris
205 1677 348 1734 comparo,
364 1658 415 1716 sed
435 1623 611 1717 simillimum
634 1659 689 1717 deo
711 1659 815 1717 iudico.
858 1664 885 1716 9.
901 1659 956 1716 Ita

117 1756 181 1814 que,
201 1737 233 1796 C.
250 1737 361 1809 Caesar,
378 1737 496 1796 bellicae
520 1745 586 1796 tuae
613 1738 711 1797 laudes
739 1737 956 1796 celebrabuntur

116 1817 181 1875 illae
199 1817 315 1894 quidem
333 1836 391 1874 non
411 1817 502 1875 solum
522 1819 635 1890 nostris,
647 1818 698 1876 sed
713 1836 804 1896 paene
824 1817 955 1876 omnium

116 1898 247 1974 gentium
258 1896 361 1954 litteris
375 1904 461 1974 atque
471 1897 585 1974 linguis,
596 1917 650 1956 nec
663 1897 722 1956 ulla
731 1917 868 1974 umquam
879 1905 956 1955 aetas

116 1978 153 2035 de
173 1977 231 2035 tuis
251 1976 384 2034 laudibus
404 1977 591 2035 conticescet:
613 1978 664 2036 sed
677 1985 774 2036 tamen
794 1977 855 2035 eius
875 1978 956 2034 modi

116 2077 161 2115 res
181 2057 353 2134 nescioquo
373 2056 563 2115 modoetiam
585 2076 651 2115 cum
671 2056 814 2134 leguntur,
829 2056 956 2134 obstrepi

117 2138 240 2196 clamore
254 2137 379 2195 militum
390 2136 524 2194 videntur
536 2143 567 2194 et
575 2136 709 2196 tubarum
721 2156 800 2195 sono.
836 2136 879 2195 At
890 2155 956 2194 vero

116 2238 183 2276 cum
210 2217 319 2296 aliquid
343 2217 504 2287 clementer,
524 2223 680 2288 mansuete,
698 2217 782 2287 iuste,
800 2216 954 2288 moderate,

117 2299 258 2376 sapienter
278 2298 397 2368 facturn,
411 2297 442 2354 in
463 2297 610 2355 iracundia
628 2297 803 2374 praesertim,
819 2315 891 2373 quae
913 2302 956 2353 est

116 2379 234 2436 inimica
254 2377 381 2450 consiliu,
394 2384 423 2436 et
439 2377 469 2434 in
486 2377 613 2448 victoria,
626 2396 698 2454 quae
714 2383 815 2434 natura
831 2375 956 2433 insolens

116 2465 146 2517 et
163 2457 285 2534 superba
304 2463 355 2529 est,
367 2457 501 2514 audimus
521 2464 571 2515 aut
586 2456 716 2534 legimus,
729 2474 786 2534 quo
803 2455 899 2513 studio
914 2455 956 2512 in·

117 2538 273 2608 condimur,
289 2556 348 2594 non
369 2537 458 2594 modo
478 2536 509 2594 in
531 2537 620 2614 gestis
640 2535 732 2607 rebus,
748 2535 798 2593 sed
818 2535 904 2593 ctiam
925 2534 955 2592 in

116 2617 199 2689 dotia,
214 2624 248 2674 ut
267 2636 317 2674 eos
337 2635 429 2693 saepe,
442 2636 515 2694 quos
534 2635 691 2694 numquam
713 2615 845 2686 vidimus,
858 2615 957 2692 diliga-

116 2697 200 2755 musi
234 2701 279 2754 10.
290 2696 331 2754 Te
341 2716 417 2768 vero,
429 2715 513 2774 quem
526 2703 703 2773 praesentem
713 2696 866 2765 intuemur,
876 2695 957 2752 cuius

116 2783 244 2834 mentem
259 2795 412 2852 sensusque
426 2782 456 2834 et
470 2795 503 2833 os
519 2775 669 2846 cernimus,
681 2782 714 2833 ut
715 2774 875 2852 ,quidquid
890 2774 957 2832 belli

81 2915 84 2922 ⁴
117 2855 236 2912 fortuna
251 2853 393 2931 reliquum
409 2874 449 2912 rer
441 2855 594 2932 publicae
608 2855 716 2927 fecerit,
728 2854 759 2912 id
773 2873 833 2912 esse
847 2853 957 2912 salvum

118 2934 195 3005 velis,
208 2933 311 3010 quibus
327 2932 460 2991 laudibus
474 2934 642 2992 efferemus?
663 2900 766 3012 quibus
780 2934 883 2992 studiis
893 2953 958 3010 pro-

119 3013 287 3089 sequemur?
308 3030 365 3088 qua
377 3011 575 3070 benevolentia
589 3014 829 3090 complectemuri
863 3013 959 3071 Parie-

118 3098 170 3160 tes,
181 3110 228 3149 me
242 3091 307 3149 dius
323 3091 416 3163 fidius,
427 3100 461 3150 ut
474 3092 546 3149 mihi
561 3092 681 3164 videtur,
692 3092 778 3151 huius
794 3095 888 3152 curiae
902 3093 958 3151 tibi

118 3169 224 3248 gratias
237 3189 320 3248 agere
333 3171 469 3249 gestiunt,
480 3171 559 3249 quod
572 3171 651 3230 brevi
664 3180 794 3250 tempore
807 3172 907 3231 futura
919 3173 959 3232 sit
