2240 3418
260 139 263 150 ’
304 175 306 178 .
350 129 842 204 cnP.xx1x,xxx.,5.sl-re.·..
910 179 911 184 ,
953 141 1006 193 aas

160 259 205 298 sar
219 239 249 297 in
263 244 363 297 senatu
374 245 470 316 aperte
484 240 514 296 in
529 247 558 298 te
571 240 709 299 invehens
720 248 837 320 questus
847 247 898 301 est.
932 241 1004 302 Pro-¹

159 318 296 377 fleisoitur
311 319 342 376 in
356 318 528 397 Hispaniam
542 319 646 377 Caesar
658 321 757 398 paneis
770 321 825 380 tibi
839 322 876 380 ad
893 322 1002 381 solven-

159 399 230 456 dum
243 405 364 478 propter
383 399 512 476 inopiam
532 405 613 457 tuam
629 401 791 478 prorogatis
811 401 920 462 diebus.
956 403 1002 462 Ne

159 486 222 537 tum
240 477 357 556 quidem
374 479 507 555 sequeris.
543 478 615 538 Tam
632 479 725 538 bonus
741 481 884 557 gladiator
899 483 1004 541 rudem'

159 565 219 616 tam
236 558 313 616 eitol
353 557 441 616 Hune
457 557 547 635 igitur
561 559 720 636 quisquam,
733 561 783 638 qui
797 561 828 618 in
842 563 901 620 suis
915 563 1002 641 parti-

159 636 221 708 bus,
233 636 264 694 id
282 643 327 776 apt
344 637 376 696 in
394 637 453 695 suis
471 637 677 712 fortunatam
694 639 814 700 timidus
830 641 927 715 fuerit,
939 662 1002 720 per-

158 716 290 776 timescat

199 795 299 854 XXX.
335 795 381 856 75.
403 796 557 856 Profectus
577 805 625 857 est
648 799 803 879 aliquando
827 801 944 860 tandem
969 802 999 861 in

159 876 350 954 Hispaniam:
371 877 422 936 sed
441 884 514 950 tuto,
530 885 564 936 ut
583 880 633 952 ait,
647 882 796 958 pervenire
815 901 874 940 non
894 882 998 959 potuit.

158 955 292 1025 Quonam
307 957 397 1015 modo
413 957 503 1034 igitur
518 958 669 1018 Dolabella
684 961 832 1038 pervenitl
865 961 928 1019 Ant
941 981 1000 1019 non

159 1036 340 1115 suscipienda
359 1037 418 1095 fnit
433 1037 489 1095 ista
508 1057 601 1111 eausa,
613 1039 735 1112 Antoni,
750 1047 808 1114 aut,
823 1047 890 1100 ounr'
910 1059 1002 1099 susee-

158 1116 256 1194 pisses,
268 1117 451 1176 defendenda
463 1137 555 1196 usqne
569 1118 606 1177 ad
620 1126 788 1180 extremum.
823 1120 880 1179 Ter
893 1121 1002 1199 depug-

158 1197 239 1254 navit
254 1195 358 1255 Caesar
375 1216 442 1255 oum
462 1198 582 1271 civibus,
593 1200 624 1256 in
640 1199 795 1272 Thessalia,
810 1199 919 1272 Africa
934 1201 1005 1258 His·

158 1277 252 1354 pania
293 1277 437 1336 Omnibus
459 1279 555 1338 adfuit
576 1279 622 1337 his
645 1280 751 1357 pugnis
772 1279 940 1338 Dolabella:
969 1281 1000 1338 in

158 1355 345 1434 Hispaniensi
359 1358 446 1416 etiam
460 1359 563 1416 vulnus
577 1360 694 1437 aooepit.
717 1358 749 1417 Si
762 1359 799 1418 de
812 1379 878 1417 meo
891 1359 1003 1418 iudicio

159 1437 278 1514 quaeris,
288 1438 404 1496 nollem.
439 1437 498 1496 Sed
507 1445 604 1497 tamen
615 1438 766 1497 eonsilium
777 1439 898 1521 aprimo
909 1455 1002 1518 repre-

158 1516 352 1589 hendendum,
364 1517 508 1577 laudanda
523 1519 691 1576 constantia
727 1518 772 1576 Tu
786 1537 853 1577 vero
868 1519 938 1597 quid
952 1520 1001 1578 esi

158 1595 211 1654 Cn.
221 1596 355 1675 Pompeii
369 1597 451 1656 liberi
464 1604 527 1656 tum
541 1599 668 1676 primum
684 1599 806 1676 patriam
823 1599 1004 1677 repetebant¹

159 1675 247 1735 Esto:
269 1677 358 1735 fuerit
371 1677 442 1736 haee
456 1679 583 1755 partium
599 1696 684 1736 causa
698 1679 868 1738 eommunis.
901 1678 1002 1756 -Repe-

159 1756 260 1814 tebant
279 1765 426 1836 praeterea
446 1758 516 1816 deos
533 1751 676 1837 [penates]
697 1761 814 1837 patrios,
826 1779 896 1832 aras,
909 1759 999 1831 fooos,

159 1836 246 1896 larem
261 1855 344 1894 suurn
358 1837 538 1909 familiarem,
550 1839 581 1896 in
596 1857 667 1916 quae
680 1845 715 1897 tn
728 1839 877 1898 invaseras.
919 1839 1002 1897 Haeo

158 1935 226 1975 eum
242 1925 373 1996 peterent
389 1918 476 1975 armis
492 1917 657 1995 liquorum
674 1926 755 1976 erant
771 1919 890 1997 legibus,
903 1919 956 1977 etsi
970 1919 1003 1976 in

158 1996 243 2054 rebus
267 1997 455 2075 iniquissimis
477 1998 548 2076 quid
569 2004 667 2076 potest
688 2017 749 2056 esse
773 2000 877 2075 aequit
904 2005 1001 2056 tamen

159 2094 245 2155 quem
266 2082 327 2135 erat
347 2077 551 2154 aequissimum
570 2083 671 2135 eontra
685 2076 738 2136 (ln.
747 2076 881 2155 Pompeii
897 2077 1002 2134 liberos

158 2174 294 2234 pugnare,
307 2158 412 2235 queml
445 2156 496 2228 Te,
508 2163 655 2215 sectorem.
692 2156 738 2214 to.
748 2156 797 2213 An
811 2175 877 2214 oum
887 2164 920 2215 tu
931 2155 1002 2214 Narss

158 2235 234 2294 bone
247 2255 361 2293 mensas
374 2235 524 2313 hospitum
540 2255 732 2308 convomeres,
740 2235 891 2294 Dolabella
903 2254 956 2314 pro
969 2243 1001 2294 te

158 2315 189 2373 in
203 2315 346 2395 Hispania
360 2315 528 2374 dimicaretl

198 2394 256 2465 Qui
269 2414 337 2454 vero
352 2395 487 2453 Narbone
503 2395 629 2454 reditus!
670 2394 768 2454 Etiam
785 2393 938 2473 quaerebat
951 2414 1002 2453 our
1063 2465 1066 2472 Ι

158 2493 213 2552 ego
230 2494 265 2534 ex
281 2475 346 2553 ipso
360 2494 445 2533 oursu
457 2481 517 2532 tam
535 2475 632 2533 subito
645 2475 848 2540 revertissem„
873 2475 1002 2614 Erpposui

158 2573 257 2632 nuper,
267 2562 363 2632 patres
377 2555 541 2633 conscripti,
551 2573 665 2612 oausam
678 2555 788 2613 reditus
804 2554 869 2613 mei.
933 2553 1000 2626 olai,

159 2634 183 2693 si
199 2653 323 2712 possem,
338 2634 426 2692 etiam
448 2643 515 2693 ante
535 2633 681 2692 Kalendas
700 2634 846 2693 Ianuarias
866 2634 1001 2712 prodesse

159 2713 199 2772 rei
216 2713 356 2792 publicae.
398 2713 483 2786 Nam,
494 2714 574 2792 quod
587 2714 751 2792 quaerebas,
761 2733 819 2794 quo
835 2714 924 2772 modo
941 2713 1002 2771 red·

77 2846 79 2851 .
158 2794 253 2864 issem,
269 2793 395 2871 primum
415 2793 486 2865 luoe,
502 2813 561 2852 non
577 2793 720 2852 tenebris:
742 2794 846 2852 deinde
865 2812 930 2851 cum
947 2792 1002 2850 eal-

158 2873 216 2931 oeis
230 2880 259 2931 et
269 2880 347 2950 toga,
359 2873 446 2930 nullis
458 2892 510 2931 neo
521 2873 638 2932 Gallicis
648 2891 701 2932 neo
711 2873 830 2932 lacerna
860 2872 903 2930 At
914 2873 1001 2930 etiam

158 2953 262 3031 aspicis
278 2971 326 3010 me
343 2959 372 3012 et
388 2953 514 3030 quidem,
527 2959 560 3010 ut
573 2951 795 3025 viderisiratus
837 2951 883 3010 Ne
896 2958 929 3010 tu
942 2953 1001 3010 ianr

157 3051 272 3091 mecum
289 3032 319 3090 in
336 3033 458 3110 gratiam
479 3033 586 3104 redeas,
598 3033 623 3090 si
639 3033 711 3090 scias
728 3051 814 3110 quam
830 3050 877 3090 me
914 3031 1001 3089 udeat

157 3111 303 3190 nequitiae
321 3118 396 3184 tuae,
409 3113 490 3170 ouius
505 3119 535 3170 te
552 3113 648 3190 ipsum
664 3131 723 3170 non
740 3111 839 3191 pudet.
908 3131 925 3168 x
942 3129 1002 3168 om-

157 3191 237 3250 nium
260 3191 396 3250 omnibus
411 3190 530 3270 flagitiis
548 3191 661 3251 nullum
676 3191 790 3271 turpius
805 3190 876 3265 vidi,
890 3190 1002 3251 nullum
