2262 3418
128 132 176 180 106
306 129 394 180 :PRO
410 129 440 180 L.
454 128 609 178 MURENA
626 128 767 180 ORATIO.

127 232 305 310 praeditum:
328 238 450 309 putares,
466 251 532 289 cum
550 232 586 308 in
602 231 729 289 eiusdem
750 231 818 289 anni
837 231 972 289 custodia

127 321 157 370 10
170 321 255 390 atque
265 311 296 370 L.
305 311 453 369 Murenam
463 312 584 368 fortuna
590 311 740 388 posuisset,
750 311 846 388 aliquo
858 317 887 369 tc
901 330 973 368 cum·
1004 357 1005 362 1
1077 385 1079 387 Ι

127 392 183 449 hoc
194 393 234 449 rei
244 391 375 469 publicae
386 390 499 448 vinculo
513 409 573 448 esse
587 391 788 448 coniunctum:
806 390 885 468 quod
895 397 969 448 atro
1005 415 1016 440 ·

126 472 199 529 citer
216 471 247 528 in
267 477 365 528 senatu
384 470 490 542 dixisti,
506 477 555 528 aut
570 489 630 527 101
649 470 768 528 dixisses
786 477 836 527 aut
854 489 971 547 seposu,

127 551 197 608 isses
211 557 260 608 aut
273 550 419 607 mitiorem
429 550 458 606 in
470 557 581 628 partem
595 550 818 626 interpretarere.
858 555 904 607 65.
923 548 972 607 Ac·

127 638 157 688 te
177 631 281 708 ipsum,
300 636 439 706 quantum
460 649 513 706 ego
537 629 671 706 opinione
693 649 824 706 auguror,
841 647 918 686 nuuc
939 635 968 686 et

128 710 216 767 animi
228 709 352 786 quodam
364 709 475 786 impetu
488 709 662 766 concitatum
673 715 702 767 et
712 709 741 765 vi
752 715 868 766 naturae
882 715 969 785 atque

127 789 237 866 ingenii
248 788 354 847 clatum
367 794 397 846 et
406 789 567 846 recentibus
576 794 793 867 praeceptorum
808 787 910 846 studiis
922 787 970 844 na

127 876 258 946 grantem
272 869 330 925 iam
344 887 413 926 usus
425 867 529 938 flectet,
542 867 602 925 dics
616 867 710 939 leniet,
722 875 799 926 aetas
812 868 967 946 mitigabit
999 871 1002 877 “
1028 939 1029 942 ¹
1048 933 1053 937 ,

127 941 244 1006 Etenim
261 947 309 1005 isti
322 947 379 1024 ipsi
394 947 467 1004 mihi
480 947 614 1005 videntur
626 947 712 1005 vestri
726 955 923 1026 praeceptores
941 955 970 1005 et

126 1027 242 1084 virtutis
254 1027 385 1104 magistri
396 1025 466 1084 fines
480 1025 638 1085 officiorum
648 1027 744 1105 paullo
755 1027 869 1105 longius
881 1048 971 1106 quam.

127 1114 230 1164 natura
247 1106 332 1164 vellet
348 1106 508 1184 protulisse,
522 1113 563 1178 ut,
578 1125 644 1164 cum
663 1107 700 1164 ad
718 1107 852 1165 ultimum
872 1109 969 1165 animo

128 1185 381 1257 contendissemus,
395 1185 436 1242 ibi
452 1193 557 1257 tamen,
571 1186 621 1244 ubi
638 1193 790 1264 oporteret,
805 1187 969 1245 consistere-

127 1285 200 1324 mus.
243 1265 323 1323 Nihil
341 1266 492 1343 ignoveris.
535 1265 630 1323 Immo
650 1265 766 1343 aliquid,
781 1285 840 1323 non
862 1267 966 1324 omnia
1068 1333 1071 1336 ¹

128 1345 209 1403 Nihil
223 1346 331 1423 gratiae
348 1365 432 1403 causa
447 1345 556 1402 feceris.
598 1344 693 1402 immo
709 1345 834 1402 resistito
850 1346 966 1422 gratiae,

128 1443 192 1482 cum
208 1423 334 1482 officium
351 1432 380 1483 ct
393 1424 464 1482 fides
477 1423 642 1501 postulabit
684 1424 879 1482 Misericordia
893 1444 969 1483 come

127 1510 277 1563 motusue
294 1504 339 1562 sis.
381 1503 486 1574 Etiam,
501 1504 531 1560 in
548 1503 729 1561 dissolvenda
746 1505 902 1576 severitate,
919 1504 968 1562 sed

127 1589 224 1641 tamen
239 1583 353 1642 estlaus
367 1583 462 1661 aliqua
474 1583 668 1641 humanitatis.
704 1583 739 1640 In
753 1584 894 1642 sententia
907 1603 969 1662 per·
1070 1632 1073 1636 .

127 1670 251 1721 manete.
293 1662 380 1734 Vero,
396 1663 451 1719 nisi
470 1663 640 1721 sententiam
660 1663 801 1720 sententia
819 1663 914 1741 aliqua
929 1664 968 1721 vi·

128 1743 199 1800 cerit
208 1741 316 1800 melior.
350 1748 396 1801 66.
414 1742 542 1800 Huiusce
552 1742 633 1800 modi
644 1741 741 1818 Scipio
751 1741 798 1800 illa
808 1743 874 1814 fuit,
883 1762 988 1820 quern.
1053 1734 1065 1748 '

128 1840 187 1878 non
203 1821 368 1898 paenitebat
383 1822 476 1880 facere
493 1821 578 1893 idem,
592 1821 669 1898 quod
685 1827 735 1880 tu:
756 1821 860 1880 habere
877 1823 968 1880 erudi·

128 1901 271 1958 tissimum
284 1901 431 1958 hominem
446 1901 616 1960 Panaetium
629 1901 726 1959 domi:
745 1902 826 1959 cuius
840 1902 968 1960 oratione

128 1987 158 2038 et
175 1981 342 2057 praeceptis,
358 1999 530 2059 quamquam
552 1987 632 2038 erant
652 1981 751 2038 eadem
770 1982 833 2052 ista,
849 2001 920 2059 quae
938 1988 968 2039 te

128 2059 278 2130 delectant,
293 2066 389 2118 tamen
407 2061 606 2138 asperiornou
626 2067 669 2118 est
685 2061 787 2131 factus,
802 2060 860 2132 sed,
876 2067 909 2118 ut
925 2080 969 2118 ac-

127 2139 192 2216 cepi
208 2159 225 2196 0
241 2139 363 2211 senibus,
379 2139 547 2198 lenissimus.
590 2139 661 2209 Quis
677 2159 744 2198 1010
763 2139 795 2198 Ο.
808 2139 904 2198 Ι100110
923 2160 969 2198 co-

127 2219 220 2276 1111011
244 2219 307 2296 quis
329 2219 488 2291 iucundior,
507 2220 609 2277 eodem
631 2239 665 2276 ex
688 2219 784 2277 studio
804 2219 879 2278 10101
904 2221 968 2297 quis

126 2298 177 2356 illo
194 2299 500 2389 gravior,sapicntiort
540 2299 664 2357 Possum
680 2299 717 2356 de
733 2299 764 2356 L.
776 2299 871 2371 Philo,
883 2299 919 2358 de
933 2299 965 2358 Ca

34 2392 37 2397 ·
127 2378 210 2436 Galo
221 2378 314 2436 dicere
327 2378 397 2436 haec
411 2379 519 2450 eadem,
529 2378 579 2436 sed
589 2386 619 2436 10
629 2378 748 2436 domum
759 2379 817 2436 iam
828 2378 967 2436 deducam

126 2465 214 2516 tuam.
257 2457 474 2536 Quemquamne
494 2459 640 2516 existimas
660 2457 770 2516 Catone
790 2477 897 2540 proavo
915 2466 967 2516 tuo

127 2537 361 2609 commodiorem,
381 2539 616 2609 communiorem,
635 2538 855 2596 moderatiorem
878 2538 967 2596 fixisse

127 2617 164 2672 ad
175 2635 289 2673 omnem
300 2617 441 2675 rationem
451 2617 655 2675 humanitatis?
671 2617 707 2676 de
719 2618 801 2675 cuius
811 2618 967 2695 praestanti

127 2696 232 2753 virtute
249 2715 314 2753 cum
329 2716 392 2754 1010
408 2697 588 2774 graviterque
604 2697 720 2768 diceres,
732 2697 921 2756 domesticum
938 2705 968 2755 te

127 2774 231 2833 habere
251 2775 350 2834 dixisti
368 2776 531 2853 exemplum
550 2776 587 2833 ad
604 2776 786 2836 imitandum.
827 2777 880 2835 Est
895 2777 968 2834 illud

126 2855 244 2932 quidem
262 2855 424 2932 exemplum
441 2855 495 2912 tibi
509 2857 689 2932 propositum
707 2855 795 2928 domi,
807 2856 857 2914 sed
871 2864 967 2914 tamen

127 2942 244 2992 naturae
258 2933 416 2992 similitudo
427 2934 503 2991 illius
517 2935 554 2990 ad
564 2941 593 2992 te
607 2936 707 3012 magis,
718 2936 767 3011 qui
777 2936 814 2993 ab
825 2936 874 2994 illo
889 2943 968 2993 ortus

127 3033 165 3086 es,
177 3033 262 3092 quam
277 3014 314 3071 ad
327 3032 570 3091 unumquemque
584 3022 714 3072 nostrum
725 3016 872 3092 pervenire
885 3023 969 3093 potu-

127 3094 159 3164 it,
169 3094 207 3151 ad
216 3092 389 3150 imitandum
399 3111 466 3149 vero
476 3099 535 3150 tam
547 3093 619 3150 mihi
630 3094 810 3170 propositum
825 3094 970 3172 exemplar
