2262 3412
363 131 454 184 .0AP.
470 131 651 196 XIV.-XVI.,
668 131 682 194 §
696 134 786 186 31-34.
971 136 1005 184 93
1066 143 1068 148 ’

161 232 288 310 impetus
314 231 382 292 belli
408 233 446 290 ed
473 232 681 310 Cyzicenorum
708 235 823 293 moenia
849 235 1005 295 exstitisset

162 331 282 390 eamque
303 311 401 370 urbem
422 312 478 370 sibi
498 313 679 373 Mithridates
699 316 786 373 Asiae
807 316 921 374 ianuam
941 317 1004 376 fore

161 399 297 469 putasset,
311 411 367 469 qua
382 393 499 450 effracta
515 400 544 450 et
559 394 670 452 revulsa
685 401 748 453 tota
764 403 874 472 pateret
891 398 1004 474 provin-

162 472 213 543 cia,
225 473 353 551 perlecta
366 493 384 530 a
396 472 515 531 Lucullo
529 473 598 531 haec
613 480 680 532 sunt
693 475 798 547 omnia,
809 483 842 533 ut
856 477 923 534 urbs
936 477 1004 536 fide

161 552 335 612 lissimorum
356 553 498 611 sociorum
517 554 718 613 defenderetur
738 562 767 614 et
786 575 886 614 omnes
904 559 1003 635 copiae

161 633 236 709 regis
250 632 437 691 diuturnitate
451 633 624 692 obsessionis
638 643 880 695 consumerentur.
915 636 1001 710 Quid,

161 712 239 771 illam
257 731 385 790 pugnam
404 713 532 772 navalem
551 715 589 772 ad
604 714 762 786 Tenedum,
778 735 844 774 cum
865 723 1003 775 contento·

161 811 252 865 cursu,
264 793 407 850 acerrimis
423 793 553 866 ducibus,
564 793 692 854 hostium
710 796 805 854 elassis
822 796 935 854 Italiam
952 817 1002 874 spe

160 879 246 949 atque
266 873 370 931 animis
389 873 489 932 inflata
506 882 625 951 peteret,
639 876 778 934 mediocri
798 877 952 935 certamine
974 884 1002 935 et

160 971 247 1029 parva
273 952 459 1012 dimicatione
489 955 671 1013 commissam
701 957 866 1015 arbitrerisl
915 956 1002 1014 Mitto

160 1032 282 1108 proelia:
304 1041 451 1110 praetereo
473 1037 703 1113 oppugnationes
723 1037 905 1114 oppidorum.
948 1037 1003 1095 Ex-

160 1112 258 1190 pulsus
276 1131 365 1190 regno
381 1114 499 1172 tandem
518 1115 672 1192 aliquando
691 1123 805 1174 tantum
820 1123 917 1173 tamen
937 1136 1003 1174 con-

160 1191 224 1249 silio
238 1199 324 1270 atque
338 1194 508 1252 auctoritate
518 1195 615 1266 valuit,
626 1203 659 1253 ut
673 1215 702 1253 se
716 1215 782 1274 rege
796 1196 1001 1254 Armeniorum

103 1318 108 1328 .
159 1272 295 1331 adiuncto
320 1274 403 1331 novis
426 1274 531 1351 opibus
555 1276 702 1354 copiisque
723 1276 874 1334 renovarit
916 1276 1000 1334 XVL

159 1351 205 1410 Ac
218 1353 242 1410 si
252 1351 326 1410 mihi
336 1372 413 1412 nunc
424 1354 460 1412 de
473 1354 557 1412 rebus
567 1356 656 1433 gestis
670 1363 743 1413 esset
757 1355 849 1413 nostri
862 1356 1002 1413 exercitus
1015 1384 1019 1390 ·

159 1432 397 1512 imperatorisque
408 1435 570 1507 dicendum,
579 1435 704 1513 plurime
716 1441 745 1494 et
759 1435 885 1493 maxima
893 1435 1002 1512 proelia

159 1531 382 1572 commemorare
395 1534 525 1592 possem:
543 1514 594 1574 sed
604 1534 662 1572 non
673 1516 705 1573 id
714 1516 833 1594 agimus.
871 1521 916 1574 34.
935 1515 1009 1574 Hoc.

159 1591 241 1650 dico:
264 1593 288 1650 si
302 1592 409 1653 bellum
423 1595 487 1667 hoc,
497 1597 521 1653 si
534 1595 590 1654 hoe
603 1595 703 1668 hostis,
714 1596 738 1653 si
751 1595 799 1654 ille
813 1615 861 1654 rex
876 1603 1002 1654 oontem-
1104 1627 1107 1634 ·

159 1672 271 1731 nendus
287 1674 396 1748 fuisset,
412 1694 504 1753 neque
520 1683 601 1734 tanta
617 1695 684 1734 cura
701 1681 816 1734 senatus
832 1682 861 1734 et
877 1676 1001 1754 populus

159 1752 307 1810 Romanus
334 1755 547 1834 suscipiendum
571 1763 699 1834 putasset
723 1775 815 1834 neque
842 1763 888 1814 tot
911 1775 1001 1813 annos

159 1833 293 1909 gessisset
306 1853 399 1911 neque
415 1843 496 1893 tanta
509 1836 601 1913 gloria
614 1836 645 1894 L.
656 1835 806 1895 Lucullus:
827 1856 920 1914 neque
934 1856 1001 1895 vero

160 1913 221 1970 eius
234 1912 302 1971 belli
317 1913 525 1973 conficiendum
542 1916 651 1973 exitum
665 1909 746 1974 tanto
764 1917 860 1974 studio
876 1915 1001 1993 populus

159 1991 308 2049 Romanus
334 1994 371 2050 ad
394 1994 447 2052 Cn.
467 1994 641 2072 Pompeium
667 1995 833 2054 detulisset:
862 1997 943 2053 cuius
966 2016 1001 2054 ex

160 2071 295 2130 omnibns
308 2073 421 2150 pugnis,
434 2093 506 2150 quae
522 2081 590 2132 sunt
602 2075 831 2147 innumerabiles,
843 2076 888 2133 vel
901 2077 1002 2134 acerri-

160 2170 209 2211 ma
221 2149 293 2208 mihi
307 2153 420 2210 videtur
433 2153 489 2226 illa,
502 2173 574 2230 quae
588 2173 653 2212 cum
666 2173 734 2231 rege
747 2156 900 2212 commissa
916 2163 958 2213 est
972 2163 1001 2214 et

160 2250 273 2288 summa
294 2233 479 2292 contentione
499 2241 635 2311 pugnata
677 2234 794 2303 Quaen
815 2253 914 2312 pugna
935 2254 1001 2292 cum

160 2331 190 2369 se
211 2312 259 2369 ille
279 2312 430 2390 eripuisset
450 2321 479 2371 et
497 2312 661 2391 Bosporum
681 2314 865 2390 confugisset,
878 2332 935 2391 quo
955 2334 1002 2371 ex·

160 2392 264 2450 ercitus
278 2392 355 2451 adire
369 2411 427 2450 non
442 2401 547 2470 posset,
557 2394 644 2451 etiam
657 2395 688 2451 in
703 2401 829 2451 extrema
842 2394 959 2452 fortuna
972 2402 1001 2452 et

158 2473 231 2550 fuga
253 2491 360 2530 nomen
384 2479 480 2530 temen
508 2474 627 2532 retinuit
650 2474 769 2551 regium.
813 2472 913 2552 Itaque
937 2475 1000 2553 ipso

159 2552 317 2629 Pompeius
333 2572 422 2631 regno
438 2573 579 2630 possesso,
595 2573 629 2612 ex
646 2553 780 2612 omnibus
799 2554 856 2612 oris
874 2573 907 2611 ac
923 2555 1001 2612 notis

159 2631 275 2690 sedibus
293 2631 376 2692 hoste
394 2632 486 2710 pulso,
501 2641 598 2692 tamen
616 2639 729 2692 tantum
750 2635 780 2692 in
799 2634 885 2692 unius
905 2636 1001 2692 enims

158 2712 264 2788 posuit,
284 2719 325 2784 ut,
345 2732 412 2770 cum
436 2715 541 2785 omnia,
562 2733 633 2791 quse
655 2714 702 2773 ille
726 2722 863 2786 tenuerat,
883 2715 999 2787 adierat,

159 2799 293 2868 sperarat,
309 2792 429 2851 victorie
448 2794 615 2871 possideret,
630 2802 726 2852 tamen
747 2814 806 2852 non
827 2801 892 2853 ante
914 2814 1000 2872 quam

96 2929 100 2938 ,
159 2871 240 2930 illum
251 2873 311 2931 vita
324 2873 434 2952 expulit
444 2873 551 2932 bellum
562 2874 725 2933 confectum
736 2874 877 2933 iudicarit.
912 2874 1000 2932 Hunc

158 2959 192 3009 tu
211 2951 333 3024 hostem,
348 2953 431 3024 Ceto,
446 2955 614 3025 contemnis,
630 2974 754 3032 quocum
774 2974 826 3031 per
845 2960 890 3011 tot
910 2973 1001 3011 annos

159 3038 205 3090 tot
224 3033 341 3110 proeliis
362 3040 417 3091 tot.
428 3034 614 3110 imperatores
635 3034 710 3092 bella
730 3035 897 3111 gesseruntl
920 3033 1001 3091 cuius

159 3112 271 3189 expulsi
291 3120 321 3171 et
341 3114 424 3172 eiecti
445 3114 504 3171 vita
524 3115 598 3172 tanti
618 3115 767 3172 aestimata
786 3122 837 3185 est,
855 3120 888 3170 ut
907 3121 1001 3170 morte

159 3191 221 3252 eius
241 3193 373 3252 nuntiata
392 3200 456 3252 tum
475 3194 598 3272 denique
616 3194 723 3252 bellum
744 3194 908 3252 confectum
929 3193 999 3250 erbi-
