2240 3418
332 612 377 675 M.
398 611 545 677 TULLII
572 612 806 676 CICERONIS

150 767 197 846 ΙΝ
228 767 267 844 Μ.
288 767 522 846 ANTONIUM
550 761 709 847 ORATIO
737 768 991 861 PHILIPPICA

505 892 651 969 PRIMA.

399 1184 740 1238 ARGUMENTUM.

182 1285 318 1336 Interfecto
330 1285 417 1334 Idibus
428 1285 504 1334 Mart.
516 1285 594 1349 [anno
605 1301 629 1349 p.
639 1301 663 1335 u.
674 1301 695 1334 c.
706 1284 777 1348 710,.]
789 1285 817 1336 (l.
826 1286 940 1349 Caesare,
950 1287 988 1339 M.

150 1352 285 1412 Antonius,
296 1351 392 1412 collega
403 1351 456 1398 eius
467 1351 492 1399 in
505 1351 643 1411 consulatu,
656 1351 703 1400 sibi
716 1361 839 1413 metuens,
849 1368 900 1402 aon
911 1353 992 1402 solum

150 1433 180 1467 eo
193 1418 234 1467 die
247 1417 326 1475 latuit,
337 1431 424 1464 verum
437 1417 514 1465 etiam
528 1418 593 1466 texit
608 1417 761 1480 aliquamdiu
776 1419 880 1466 consilia
893 1435 946 1479 sua,
958 1420 992 1470 si-

150 1482 287 1532 mulatione
300 1482 332 1530 ad
347 1491 445 1544 tempus
459 1482 655 1532 accommodata
692 1483 817 1532 Postridie
830 1484 891 1532 Idus
905 1492 992 1533 actum

150 1557 188 1597 est
200 1545 299 1596 cum'eo
309 1548 340 1596 de
351 1547 477 1596 communi
488 1547 622 1596 concordia
633 1563 676 1610 per
687 1549 828 1597 consulares
838 1549 918 1598 viros:
935 1559 992 1611 post

150 1615 217 1662 diem
234 1613 345 1673 tertium,
358 1613 402 1676 qui
419 1613 466 1660 fuit
482 1613 556 1662 XVI.
573 1613 631 1662 Kal.
646 1615 720 1676 Apu,
735 1615 761 1662 ia
780 1614 868 1662 aedem
884 1615 991 1664 Telluris

150 1688 286 1728 convocato
301 1686 389 1727 senatu
404 1678 439 1726 M.
448 1678 544 1739 Cicero,
555 1687 675 1742 quantum
689 1680 715 1726 in
729 1679 783 1742 ipso
796 1679 852 1740 fuit,
863 1679 921 1728 iecit
935 1681 992 1728 fan-

151 1745 269 1793 damenta
288 1745 356 1807 pacis
376 1743 604 1806 discordiarumque
623 1745 770 1794 memoriam
789 1759 890 1793 omnem
908 1754 996 1794 vetere

151 1810 343 1860 Atheniensium
357 1809 473 1872 exemplo
486 1810 609 1858 oblivione
626 1810 775 1873 sempiterna
788 1810 920 1860 delendam
934 1827 992 1860 cen-

151 1875 209 1926 suit.
236 1875 292 1936 Quo
301 1875 341 1923 die
352 1875 477 1937 praeclare
488 1875 520 1924 de
532 1889 559 1923 re
571 1875 668 1936 publica
679 1876 776 1924 locutus
787 1877 921 1936 Antonius,
931 1891 991 1926 con-

151 1941 310 2006 sequentibus
318 1941 394 1989 etiam
402 1939 488 1988 diebus
496 1939 630 1988 nondubia
637 1941 836 1990 suaevoluntatis
844 1951 992 2002 argumenta

151 2008 211 2056 dare
222 2008 288 2055 maus
300 2015 352 2056 est:
370 2005 446 2054 misso
460 2021 536 2068 parvo
548 2005 600 2054 illio
612 2006 681 2068 pacis
692 2006 778 2055 obside
788 2007 815 2054 ia
827 2007 988 2068 Capitolium,

151 2074 180 2123 (l.
189 2073 304 2122 Cassium
314 2072 374 2134 ipse,
384 2071 421 2120 Μ.
430 2073 538 2119 Brutum
549 2071 669 2134 Lepidus,
678 2071 790 2134 pontifex
804 2071 938 2134 maximus,
948 2073 991 2121 alii

151 2138 213 2187 alios
224 2153 257 2187 ex
268 2137 467 2186 interfectoribus
478 2137 600 2196 Caesaris,
612 2137 655 2200 qui
667 2145 723 2199 post
734 2137 787 2184 eius
800 2151 896 2197 necem,
906 2138 992 2200 populi

151 2213 177 2254 et
189 2203 295 2252 Antonii
308 2203 419 2250 maxime
432 2201 538 2250 consulis
551 2212 627 2262 metu,
638 2202 665 2249 ia
677 2201 827 2264 Capitolium
841 2217 867 2250 se
880 2203 992 2252 contule·

151 2279 215 2327 rant,
227 2283 303 2317 cenae
313 2267 487 2316 adhibuerunt.
520 2267 568 2316 Sed
578 2267 661 2316 fictam
673 2281 804 2330 personam
815 2267 936 2316 sustinere
947 2268 992 2316 din

151 2349 225 2384 nemo
238 2341 327 2397 potest.
361 2333 426 2382 (lum
441 2333 582 2392 Caesarem,
594 2347 748 2396 quamquam
761 2332 787 2380 ia
799 2331 878 2380 libera
891 2333 992 2382 civitate
1065 2347 1079 2362 f

151 2399 270 2461 singulari
281 2405 404 2461 potestate
415 2413 488 2447 usum
499 2397 586 2447 flauere
596 2408 680 2446 tamen
692 2397 773 2446 efferri
785 2396 932 2460 placuisset:
948 2398 992 2461 qui

151 2467 207 2514 foas
223 2465 344 2514 maloram
361 2463 474 2513 omnium
491 2463 606 2512 luit-sic
619 2463 686 2512 enirn
700 2471 833 2526 tyrannum
850 2477 900 2512 non
915 2463 992 2513 fuisse

151 2531 315 2590 indicabatur,
331 2544 390 2578 nam
409 2538 571 2593 tyrannorum
588 2539 693 2590 corpora
710 2528 902 2590 proiiciebantur
918 2529 992 2578 inhu-

152 2604 257 2644 mata—
268 2595 379 2643 laudarit
395 2610 452 2644 eum
470 2595 501 2643 de
518 2609 587 2643 more
604 2595 640 2642 M.
651 2594 777 2644 Antonius
794 2593 819 2642 in
834 2595 902 2642 foro:
922 2611 992 2643 com-

90 2674 93 2681 '
152 2661 344 2723 memoratisque
358 2661 430 2708 rebus
443 2661 475 2709 ab
487 2675 516 2709 eo
527 2659 603 2722 gestis
616 2659 783 2722 maximisque
793 2674 853 2720 erga
864 2674 915 2708 rem
929 2661 992 2722 pub-

152 2727 224 2776 licam
239 2725 342 2787 meritis,
354 2725 480 2789 explicata
493 2725 592 2774 demum
606 2735 709 2774 cruenta
719 2733 795 2785 veste,
806 2725 833 2772 in
844 2740 894 2788 qua
906 2741 992 2774 caesus

151 2801 214 2853 erat,
228 2792 314 2840 multis
330 2793 467 2854 pugIoaum
483 2791 574 2840 ictibus
589 2789 707 2853 perfossa,
719 2791 841 2838 convertit
854 2790 992 2839 orationem

151 2858 184 2906 ad
197 2858 383 2906 miserationem
395 2856 599 2911 commovendam
613 2855 782 2918 populumque
788 2856 844 2920 iarn
857 2855 941 2904 dolore
953 2855 992 2903 in-

151 2938 255 2972 censum
268 2923 294 2970 ia
308 2938 364 2971 eam
378 2923 533 2970 iracundiam
546 2922 704 2983 latronemque
718 2921 824 2983 impulit,
836 2929 863 2968 ut
877 2920 961 2968 statim
976 2936 992 2970 a

151 2989 239 3037 funere
253 2988 286 3036 ad
300 2988 403 3036 domum
414 2988 488 3036 Bruti
500 2997 525 3036 et
536 2985 616 3035 Cassii
629 3001 686 3035 aum
700 2985 795 3034 facibus
808 2985 989 3034 accucurrerit:

152 3054 219 3102 unde
229 3068 304 3115 aegre
318 3053 430 3116 repulsus
441 3060 485 3102 est.
519 3051 613 3100 Brutus
623 3059 649 3100 et
659 3051 769 3111 Cassius,
779 3051 858 3100 vitato
868 3049 992 3113 praesenti

151 3119 271 3182 periculo,
288 3119 429 3168 concitatae
447 3117 616 3180 multitudinis
634 3117 685 3165 vim
703 3115 819 3166 timentes
838 3116 992 3177 Antoniique

151 3184 284 3249 perfidiam
299 3185 351 3234 iam
367 3185 429 3233 satis
445 3183 550 3246 experti,
565 3182 673 3233 Antium
689 3190 715 3233 et
731 3181 872 3232 Lanuvium
890 3181 992 3245 aufuge-
