2262 3418
327 91 406 165 onr.
421 113 697 177 mni-xxxv,
713 113 831 175 §er-ar.
954 117 1004 166 rra

161 233 278 274 omnem
289 213 490 272 auctoritatem
499 214 646 272 Clodianis
657 215 743 276 armis
754 215 922 288 obiecerant,
930 215 1003 273 mihi

161 313 300 372 umquam
316 292 459 351 bonomm
475 293 650 371 praesidium
671 295 838 352 defuturum
855 297 1004 371 putareml

161 395 216 453 ego
234 393 300 432 cnm
317 380 500 431 te—mccum
518 374 595 431 enim
610 374 774 450 saepissime
788 373 1007 452 loquitur--pa-¹

79 481 82 490 =
161 453 437 525 triaereddidissem,
445 453 517 510 mihi
526 459 656 529 putarem
666 454 696 510 in
704 454 797 530 patria
805 473 863 511 non
872 454 1003 512 futurum

162 535 277 593 locuml
317 533 379 592 Ubi
393 552 469 590 nunc
486 539 601 590 senatus
617 540 668 604 cst,
679 552 764 610 quem
781 534 871 590 secuti
888 535 1003 592 sumusl

163 615 213 672 ubi
233 613 344 691 equites
364 612 489 671 Romani
509 612 559 684 illi,
574 611 624 685 illi,
639 613 741 690 inquit,
756 613 818 671 tuil
837 612 888 670 nbi
909 612 1004 671 studia

162 693 406 772 municipiorum?
429 692 480 750 nbi
499 691 598 750 Italiae
619 693 720 750 vocesl
745 691 795 749 ubi
813 692 937 770 denique
953 700 1004 751 tua

162 775 220 846 illa,
238 773 276 831 M.
289 773 373 844 Tulli,
386 791 458 850 quae
478 771 610 850 plurimis
629 772 688 830 fuit
709 771 824 844 auxilio,
839 791 895 829 vox
917 778 1003 849 atque
1062 837 1063 842 η

164 853 313 911 defensio?
328 852 439 910 mihine
453 871 486 910 ea
500 851 561 923 soli,
573 852 622 929 qui
632 871 685 930 pro
696 859 725 910 te
739 852 846 910 totiens
860 852 946 910 morti
957 872 1004 910 rnc

164 933 264 1002 obtuli,
275 932 346 990 nihil
360 939 458 1011 potest
471 931 623 1011 opitularil
710 984 715 994 .

204 1012 333 1071 XXXV.
366 1019 412 1070 95.
429 1012 458 1069 N
459 1031 490 1070 ec
504 1032 571 1070 vero
585 1011 663 1083 haec,
675 1011 792 1084 iudices,
802 1018 835 1070 ut
849 1031 903 1090 ego
918 1031 1002 1084 nunc,

164 1093 243 1164 flens,
254 1092 304 1150 sed
316 1092 373 1150 boc
387 1092 489 1150 eodem
503 1092 630 1170 loquitur
640 1091 721 1149 vultu
736 1111 793 1169 quo
804 1091 915 1150 videtis,
948 1092 1004 1149 Ne

164 1180 215 1249 gat
228 1173 305 1230 enim
321 1179 456 1250 senegart
469 1172 590 1249 ingratis
606 1171 715 1230 civibus
729 1172 831 1230 fecisse
845 1191 917 1248 quae
931 1169 1004 1229 fece·

163 1253 210 1324 rit,
219 1252 329 1310 timidis
346 1259 375 1310 et
389 1253 487 1309 omnia
500 1250 793 1328 circumspicientibus
806 1251 931 1328 pericula
944 1271 1003 1308 non

164 1340 258 1409 negat.
297 1331 416 1390 Plebem
437 1339 466 1390 et
484 1331 613 1390 infimam
635 1331 860 1404 multitudinem,
876 1350 947 1408 quae
968 1330 1001 1389 P.

118 1412 121 1419 '
164 1411 268 1470 Clodio
283 1411 355 1470 duce
369 1412 494 1470 fortunis
507 1412 608 1470 vestris
621 1411 798 1483 imminebat,
809 1430 880 1482 eam,
889 1431 947 1488 qno
961 1418 1005 1469 tu·
1023 1455 1025 1461 .

68 1525 71 1534 =
164 1493 221 1549 tior
237 1499 311 1550 esset
327 1498 420 1549 vestra
436 1493 503 1563 vita,
515 1511 545 1550 se
561 1492 662 1550 fecisse
679 1499 885 1550 commemorat
899 1497 1003 1548 utnon

163 1571 252 1629 modo
273 1572 378 1629 virtute
399 1570 533 1644 flecteret,
545 1572 596 1630 sed
617 1572 704 1630 etiam
725 1571 818 1629 tribus
839 1571 899 1629 suis
918 1571 1004 1648 patri-

164 1652 270 1708 moniis
291 1651 431 1722 deliniret,
443 1670 495 1709 nec
512 1652 596 1710 timet
613 1671 656 1723 ne,
669 1671 735 1710 cum
751 1651 865 1728 plebem
882 1652 1005 1710 muneri-

163 1730 217 1789 bus
231 1730 357 1808 placarit,
369 1750 420 1788 vos
434 1750 492 1788 non
507 1732 664 1789 conciliarit
674 1732 783 1790 meritis
793 1733 824 1789 in
838 1752 898 1790 rem
912 1732 1005 1810 publi-

164 1831 228 1868 cam
249 1811 447 1888 singularibus.
490 1809 611 1871 Senatus
632 1830 700 1889 erga
723 1831 753 1870 se
774 1813 1004 1871 benevolentiam

164 1891 342 1968 temporibus
362 1889 408 1947 his
428 1890 497 1968 ipsis
518 1910 602 1969 saepe
618 1910 679 1949 esse
691 1900 882 1970 perspectam,
897 1900 1004 1950 vestras

164 1989 230 2028 vero
245 1978 274 2029 et
287 1977 447 2028 vestrorum
461 1970 595 2028 ordinum
609 1972 826 2043 occursationes,
837 1972 939 2043 studia,
950 1990 1004 2029 ser-

163 2070 272 2121 mones,
289 2069 498 2128 quemcumque
519 2070 633 2108 cursum
649 2051 767 2108 fortuna
783 2050 902 2123 dederit,
918 2071 947 2108 se
964 2070 1004 2108 se

164 2149 230 2187 cum
248 2129 408 2188 ablaturum
426 2149 486 2188 esse
503 2130 581 2188 dicit.
624 2136 670 2188 96.
687 2130 820 2188 Meminit
841 2131 927 2188 etiam
949 2129 1003 2188 sibi

164 2229 264 2266 vocem
278 2209 426 2286 praeconis
442 2210 531 2268 modo
548 2210 680 2282 defuisse,
694 2229 780 2288 quam
796 2211 916 2268 minime
933 2210 1007 2267 desis

164 2289 278 2361 derant,
292 2289 394 2366 populi
418 2308 485 2347 vero
509 2290 620 2348 cunctis
643 2290 795 2367 suffragiis
811 2289 889 2367 quod
913 2308 1002 2347 nnum

164 2369 293 2445 cupierit,
309 2389 338 2426 se
358 2369 504 2427 consulem
523 2369 714 2428 declaratum:
735 2388 812 2427 nuno
832 2369 963 2447 denique,
979 2369 1003 2426 si

163 2447 233 2506 haec
247 2455 347 2507 contra
360 2467 390 2506 se
404 2449 462 2508 sint
472 2449 578 2522 futura,
591 2449 645 2507 sibi
655 2450 791 2507 facinoris
805 2448 1001 2526 suspitionem,

162 2547 223 2585 non
243 2528 319 2588 facti.
334 2529 441 2587 crimen
463 2530 584 2588 obstare.
625 2529 722 2588 Addit
740 2529 819 2601 baec,
835 2549 907 2607 quae
928 2536 1003 2587 certe

163 2627 229 2665 vera
245 2615 319 2680 sunt,
331 2609 422 2668 fortes
438 2615 468 2668 et
481 2611 623 2688 sapientes
636 2609 713 2668 viros
728 2629 787 2667 non
801 2615 860 2667 tam
877 2609 1004 2686 praemia

163 2687 244 2764 sequi
265 2688 354 2746 solere
370 2697 446 2748 recte
467 2690 610 2748 factorum
628 2699 713 2767 q'uam
730 2690 793 2766 ipsa
812 2696 888 2747 recte
908 2689 1002 2746 facta:

163 2786 193 2823 se
210 2767 281 2825 nihil
298 2767 329 2824 in
342 2769 402 2827 vita
418 2769 474 2827 nisi
490 2769 711 2846 praeclarissime
725 2769 835 2841 fecisse,
848 2769 872 2826 si
886 2767 1002 2846 quidem

162 2846 234 2903 nihil
256 2848 293 2905 sit
314 2849 512 2926 praestabilius
534 2849 595 2907 viro
618 2869 703 2927 quam
725 2849 858 2927 periculis
880 2849 1002 2924 patriam

162 2924 295 2986 liberare:
318 2927 417 2986 beatos
435 2949 504 3000 esse,
520 2929 624 3006 quibus
644 2949 678 2987 ea
697 2949 742 2987 res
761 2929 866 2986 honori
881 2928 969 2985 fuerit
986 2946 1003 2984 a
1042 2987 1046 2996 ,

162 3007 221 3063 suis
235 3007 352 3079 civibus,
366 3007 412 3066 97.
424 3027 476 3066 nec
490 3014 586 3067 tamen
601 3028 649 3066 eos
663 3009 789 3080 miseros,
800 3009 850 3086 qui
863 3006 1002 3065 beneficio

162 3085 238 3144 cives
252 3106 319 3166 suos
333 3087 468 3146 vicerint:
491 3088 541 3146 sed
555 3095 652 3146 tamen
669 3108 704 3146 ex
721 3087 855 3145 omnibus
868 3087 1002 3165 praemiis

161 3165 284 3238 virtuus,
297 3166 321 3224 si
335 3173 409 3225 esset
422 3166 554 3226 habenda
567 3168 640 3226 ‘ratio
654 3167 855 3245 praemiorum,
865 3165 1003 3244 amplissi-
