2262 3412
406 66 839 163 11111-1111111-11]
994 106 1026 156 ra

185 203 288 282 populi
303 201 428 260 Romani
448 201 486 259 ad
506 220 651 259 summum
669 201 823 280 imperium
843 210 887 263 ret
874 203 1025 266 tinendum

185 290 214 342 et
236 282 274 341 ad
295 301 462 340 communes
485 281 617 340 fortunas
640 283 847 341 conservandas
868 283 1024 345 voluntate.

185 363 294 422 Omnes
313 362 419 420 adsunt
435 361 564 419 omnium
586 361 719 419 ordinum
739 362 878 434 homines,
895 365 1024 424 omnium

185 443 310 520 denique
330 448 472 500 aetatum:
495 441 612 518 plenum
633 448 677 498 est
695 408 897 520 forum,ple1ia
917 445 1025 522 templa

168 541 292 580 circum
306 522 403 579 forum
404 520 501 599 ,pleni
518 540 617 578 omnes
631 521 725 579 aditus
738 487 824 580 huiirs
837 522 893 580 loci
907 543 940 580 ac
954 531 1025 582 tem-

183 602 232 679 pli.
276 601 370 660 Causa
385 607 430 659 est
445 601 522 659 enim
538 606 605 679 post
620 600 721 658 urbem
738 601 885 660 conditam
898 602 990 661 haec
982 623 1024 660 m·

183 688 269 739 venta
283 681 365 739 sola
356 701 387 738 111
402 700 458 759 qua
475 699 574 738 omnes
591 681 729 738 sentirent
742 699 832 738 unum
846 688 932 759 atque
945 683 1023 742 idem
1069 746 1072 761 ,

182 768 295 853 praeter
314 781 371 833 eos,
387 760 437 838 qui
458 779 524 818 cum
545 759 600 817 sibi
613 742 743 836 vid‘e'seut
759 779 819 818 esse
834 761 1022 838 pereundum,
1059 776 1077 815 ff
1091 794 1105 811 ,-

182 839 249 898 cum
263 841 397 898 omnibus
407 841 504 917 potius
515 859 601 917 quam
615 839 669 896 soli
681 840 773 917 perire
783 839 942 900 voluerunt
975 847 1021 902 15.

182 919 279 978 Hosce
296 939 350 998 ego
363 919 496 978 homines
513 919 624 1011 excipio
642 926 672 977 et
687 939 802 978 secerno
816 919 954 979 libenter.
975 941 1023 980 ne·

182 1018 238 1076 que
252 1000 329 1057 enim
342 1000 373 1057 in
387 998 623 1076 improborum
599 999 713 1071 cuium,
725 999 793 1057 sed'
785 1019 816 1058 m
829 999 1023 1060 acerbissime

181 1097 245 1136 rum
262 1079 389 1138 hostium
408 1097 528 1136 numero
544 1077 693 1136 habendos
707 1085 790 1156 puto
833 1079 928 1138 Ceteri
944 1099 1021 1154 vero,

177 1158 212 1216 di
227 1159 420 1217 immortales!
442 1177 499 1236 qua
518 1158 757 1236 frequentiaque
779 1158 883 1229 studio,
896 1178 953 1237 qua
968 1160 1022 1217 111·-

180 1243 243 1296 tute
263 1239 300 1296 ad
315 1257 499 1296 communem
520 1237 640 1296 salutem
658 1237 886 1316 dignitatemque
905 1258 1022 1296 consen-

180 1318 274 1376 tiunt!
315 1317 393 1388 Quid
412 1337 467 1396 ego
487 1317 535 1375 hic
555 1317 666 1395 equites
681 1317 828 1376 Romanos
848 1337 1022 1376 commemo

179 1399 259 1456 remi
279 1399 329 1476 qui
342 1398 425 1456 vobis
438 1398 480 1455 ita
492 1417 634 1455 summam
648 1397 757 1466 ,ordinis
773 1397 941 1475 consiliique
955 1417 1021 1455 con-

179 1477 293 1549 cedunt,
305 1484 339 1537 ut
355 1478 503 1536 vobiscum
520 1478 556 1535 de
576 1497 673 1535 amore
688 1477 731 1535 rei
745 1477 877 1554 publicae
893 1484 1019 1537 certent:

180 1575 252 1634 quos
262 1577 297 1615 ex
307 1557 464 1620 multorum
474 1577 614 1615 annorum
626 1557 801 1615 dissensione
811 1557 897 1614 huius
911 1557 1020 1616 ordinis

179 1637 216 1695 ad
240 1637 407 1695 societatem
430 1637 669 1715 concordiamque
693 1644 840 1694 revocatos
863 1636 1019 1695 hodiernus

178 1716 239 1774 dies
255 1717 404 1775 vobiscum
421 1723 506 1794 atque
520 1717 590 1774 haec
607 1737 691 1774 causa
704 1717 871 1794 coniungit·
893 1717 1019 1794 quamsi

178 1796 419 1868 coniunctionem,
435 1797 465 1853 in
487 1796 636 1855 consulatu
654 1795 851 1854 confirmatam
867 1816 942 1868 mee,
957 1815 1019 1874 per-

177 1876 316 1952 petuam
308 1894 338 1932 111
352 1895 383 1933 re
395 1840 511 1952 pirblica
523 1876 706 1947 tenuerimus,
716 1875 854 1953 confirmo
865 1876 947 1935 vobis
957 1877 1019 1934 nul·

177 1953 238 2011 lum
254 1953 375 2031 posthac
390 1954 499 2012 melum
516 1954 598 2012 civile
617 1973 649 2011 ae
666 1919 856 2013 domesticum
876 1955 914 2014 ad
930 1955 1018 2014 ullam

177 2052 218 2090 rer
210 2033 363 2110 publicae
376 2041 488 2126 partem
502 2053 562 2092 esse
576 2040 736 2092 venturum.
778 2033 846 2092 Pari
860 2035 957 2093 studio
970 2036 1018 2093 de·

177 2112 342 2170 feudundae
350 2131 391 2170 rer
382 2112 530 2192 publicae
538 2132 703 2172 convemsse
712 2113 795 2172 v1deo
804 2114 935 2172 tribunos
943 2133 1018 2173 aera-

176 2191 242 2263 rios,
257 2193 474 2250 fortissimos'
448 2211 540 2252 viros:
562 2193 668 2251 scribas
683 2194 754 2251 item
775 2193 928 2264 universos,
944 2213 1017 2270 quos

176 2289 242 2328 cum
255 2291 322 2329 casu
331 2272 379 2330 hic
390 2272 451 2330 dies
460 2272 498 2331 ad
508 2273 646 2330 aerarium
659 2273 874 2349 frequentasset,
884 2273 969 2330 video
979 2273 1016 2330 ab

176 2352 388 2428 exspectatione
401 2352 486 2410 sortis
500 2352 537 2410 ad
551 2351 671 2410 salutem
685 2370 868 2410 communem
879 2371 940 2410 esse
950 2371 1017 2410 con·

175 2449 280 2489 versos.
327 2436 372 2490 16.
398 2431 501 2490 Omnis
527 2431 722 2524 ingenuorum
744 2431 826 2490 adest
848 2431 1014 2504 multitude,

70 2577 72 2580 ¹
175 2510 263 2568 etiam
278 2511 520 2570 tenuissimomm
563 2509 634 2580 Quis
654 2511 732 2570 enim
748 2518 791 2572 est
807 2511 853 2570 cui
869 2531 929 2569 non
944 2511 1015 2570 haec

174 2589 290 2667 templa,
298 2597 429 2667 aspectus
437 2591 672 2668 urb1s‚possesai0
681 2591 827 2664 hbertatrs,
835 2590 884 2650 lux
890 2592 1015 2670 demque

173 2668 265 2727 haec'
257 2689 321 2746 rpsa
334 2676 363 2728 et
376 2669 432 2727 hoc
445 2688 598 2730 commune
611 2671 719 2750 patriae
732 2671 825 2728 solum
839 2690 905 2730 cum
919 2672 958 2730 sit
971 2691 1015 2730 ea·

1 2761 3 2775 ¹
105 2743 111 2748 ’
173 2755 391 2807 rumtumvero
404 2748 487 2808 dulce
500 2751 774 2828 atqueiucunduml
806 2751 889 2810 VIIL
902 2750 1014 2828 Operae

173 2829 298 2905 pretium
309 2836 352 2886 est
353 2835 467 2906 ,patres
478 2830 640 2907 conscripti,
649 2829 848 2888 libertinorum
861 2830 1013 2890 hominum
1105 2877 1109 2884 .

174 2908 269 2966 studia
288 2927 469 2986 cognoscere,
486 2910 543 2986 qui,
559 2929 610 2966 sua
630 2909 736 2967 virtute
757 2909 904 2966 fortunam
926 2909 1013 2966 huius

173 2988 297 3046 civitatis
311 2989 465 3060 consecuti,
473 2988 547 3045 hanc
561 3007 640 3046 suam
648 2988 771 3065 patriam
782 2988 917 3058 iudicant,
926 3007 1012 3064 quam

174 3068 291 3144 quidam
311 3067 359 3126 hic
380 3068 441 3126 nati
460 3074 489 3126 et
510 3086 622 3124 summo
643 3067 707 3125 loco
728 3067 789 3125 nati
809 3085 868 3124 nou
888 3068 1012 3143 patriam

173 3166 262 3219 suam,
278 3147 329 3207 sed
349 3147 450 3207 urbem
474 3146 602 3207 hostium
624 3166 684 3205 esse
707 3146 912 3210 iudicaverunt.
954 3145 1013 3207 Sed
