2240 3418
304 459 348 522 M.
370 459 518 523 TULLII
547 459 780 522 CICERONIS
833 529 837 534 ,

138 614 213 693 PRO
242 613 345 691 REGE
373 614 574 726 DEIOTARO
603 615 659 688 ΑΙ)
688 614 719 691 O.
738 613 952 692 CAESAREM

460 738 616 815 ORATIO.

414 917 665 934 ——q

374 1039 716 1092 ARGUMENTUM.

157 1142 302 1202 Deiotarus,
319 1139 505 1200 Gallograeciae
529 1139 580 1188 sive
601 1137 715 1189 Galatiae
740 1139 885 1202 tetrarches,
902 1139 968 1204 quod

126 1223 224 1258 summe
237 1207 287 1255 fide
301 1205 333 1254 ad
347 1206 468 1268 populum
480 1207 622 1254 Romanum
637 1220 690 1254 sese
704 1205 877 1268 applicaverat,
889 1221 905 1254 a
918 1207 965 1255 Cn.

125 1273 247 1336 Pompeio
261 1271 396 1320 Armeniae
414 1271 516 1319 minoris
533 1286 611 1332 regno
624 1271 730 1320 donatus
747 1279 772 1320 et
786 1286 802 1319 a
818 1279 905 1320 senatu
922 1285 968 1320 rex

126 1339 263 1402 appellatus
280 1346 340 1386 erat.
378 1335 428 1386 Sed
442 1336 582 1395 cnm‚bello
598 1337 664 1384 civili
681 1336 747 1385 inter
763 1336 809 1385 Cu.
820 1337 968 1398 Pompeium

125 1413 152 1453 et
166 1405 194 1453 (l.
206 1404 339 1466 Gaesarem
354 1411 451 1462 exorto,
461 1401 575 1464 Pompeii
588 1409 671 1464 partes
685 1410 784 1450 secutus
795 1411 868 1462 esset,
875 1402 969 1450 Caesar

126 1469 191 1519 belle
204 1467 377 1517 Alexandrino
394 1467 531 1532 composito
548 1467 573 1514 in
587 1467 677 1515 Asiam
694 1467 826 1529 profectus,
837 1466 969 1514 Pharnace

126 1535 204 1584 Ponti
221 1549 279 1594 rege
296 1541 411 1595 superato
427 1531 576 1580 Deiotarum
593 1547 670 1592 regno
687 1533 823 1581 Armeniae
841 1531 965 1591 multavit,

126 1609 223 1662 partem
237 1599 420 1662 possessionum
435 1607 460 1646 et
472 1611 562 1645 nomen
577 1597 674 1657 regium
686 1597 794 1660 reliquit.
830 1595 879 1646 Sed
891 1597 969 1645 etiam

127 1665 277 1714 domesticae
286 1663 431 1712 inimicitiae
442 1663 541 1712 fuerunt
549 1663 669 1710 Deiotaro
677 1677 734 1710 cum
745 1676 836 1722 genero
847 1677 900 1722 suo,
908 1662 969 1711 Sao-

127 1729 253 1790 condalio,
267 1729 369 1791 eiusque
388 1727 449 1789 lilio,
462 1736 553 1790 nepote
571 1727 694 1788 Deiotari,
709 1727 827 1776 Castore:
850 1727 892 1789 qui
910 1741 969 1775 enm

127 1796 225 1845 Romae
244 1793 310 1856 apud
327 1793 357 1842 (l.
368 1792 500 1842 Caesarem
520 1793 667 1841 dictatorcm
687 1807 752 1841 anno
772 1808 795 1855 p,
806 1808 829 1840 u.
839 1807 861 1840 c.
869 1793 926 1853 709,
934 1791 965 1852 Q.

127 1860 206 1910 Fabio
226 1859 340 1907 Maximo
357 1857 385 1906 C.
397 1857 522 1906 Trebonio
541 1873 603 1907 coss.
619 1858 739 1918 suffectis,
753 1857 824 1906 reum
846 1857 966 1918 fecerunt,

128 1925 195 1998 qipd
204 1925 250 1987 ipsi
259 1924 288 1973 O.
297 1923 407 1985 Caesari,
417 1923 482 1986 apud
494 1937 528 1984 se,
539 1939 596 1972 cum
607 1933 671 1972 esset
680 1924 706 1970 in
713 1923 776 1971 Asia
784 1922 882 1970 devicto
888 1922 969 1970 Phar-

128 2005 198 2048 nace,
206 1989 346 2040 deversauti
354 1989 457 2038 insidias
466 1997 585 2052 parasset,
593 2003 697 2050 eamque
708 1988 889 2048 accusationem
898 1987 968 2050 quasi

128 2057 199 2104 testis
217 2055 315 2103 sceleris
333 2055 480 2117 Phidippus,
495 2055 607 2102 medicus
625 2053 747 2113 Deiotari,
761 2053 793 2101 ab
810 2053 862 2101 eius
880 2053 969 2112 legatis

128 2122 237 2170 Romam
247 2121 330 2169 missis
341 2120 460 2183 perfidiae
471 2135 546 2168 cauea
558 2120 679 2168 abductus
690 2117 792 2166 adiuvit.
828 2118 917 2178 Legati
931 2133 970 2166 re-

129 2187 175 2248 gis,
185 2187 227 2250 qui
238 2187 263 2234 in
275 2186 325 2234 lide
335 2193 530 2248 permanserant,
538 2199 640 2233 causam
652 2185 683 2232 ad
696 2184 733 2232 M.
741 2183 885 2232 Ciceronem
898 2182 970 2230 detu-
1068 2239 1070 2244 Ι

129 2253 218 2312 lerunt,
233 2261 341 2300 veterem
359 2251 481 2313 hospitem
498 2258 574 2312 atque
590 2250 700 2298 amicum
716 2248 837 2308 Deiotari,
852 2248 895 2310 qui
911 2263 970 2296 eum

129 2318 195 2380 apud
209 2317 238 2367 O.
250 2317 384 2366 Caesarem
400 2317 466 2364 iutra
480 2315 629 2364 domesticos
644 2315 752 2379 parietes
768 2314 815 2363 hac
832 2314 894 2378 ipsa,
906 2327 969 2378 quae

129 2382 303 2445 infrangitur,
314 2381 426 2430 oratioue
437 2380 555 2432 defendit.

170 2515 193 2575 l
227 2521 252 2575 1.
268 2515 343 2574 Cum
360 2517 390 2574 iu
407 2515 541 2574 omnibus
558 2515 649 2574 causis
664 2513 850 2592 gravionbua,
860 2513 971 2572 0.an-

131 2616 183 2668 sar,
198 2595 282 2654 initio
303 2596 417 2654 dicendi
438 2596 612 2654 commoveri
636 2593 742 2652 soleam
763 2593 968 2666 vehementius,

132 2695 218 2755 quam
230 2676 341 2734 videtur
353 2676 395 2733 vel
406 2679 474 2733 usus
484 2675 528 2733 vel
539 2681 615 2733 aetas
629 2693 694 2731 mea
703 2673 855 2752 postulare,
865 2680 927 2731 tum
938 2673 969 2730 in

132 2756 184 2814 hac
198 2775 282 2813 causa
295 2756 336 2812 ita
348 2774 395 2812 me
409 2755 500 2812 multa
512 2754 687 2832 perturbant,
700 2761 740 2824 ut,
753 2760 890 2831 quantum
905 2771 971 2810 mea

131 2836 202 2892 fides
223 2834 311 2892 studii
327 2833 400 2890 mihi
421 2834 531 2891 adferat
548 2833 585 2890 ad
605 2833 725 2891 salutem
746 2833 822 2910 regis
837 2832 970 2890 Deiotari

132 2913 352 2982 defendendam,
360 2918 472 2969 tantum
487 2912 630 2971 facultatis
643 2914 732 2971 tImor
742 2912 880 2971 detrahat.
909 2911 971 2968 Pri-

133 3012 214 3049 mum
228 2991 293 3049 dico
306 3010 360 3068 pro
376 2992 469 3068 capite
485 2993 665 3070 fortunisque
679 2993 761 3070 regis,
772 2992 851 3069 quod
865 2992 969 3069 ipsum,

133 3071 187 3126 etsi
197 3089 255 3127 non
266 3071 398 3147 iniquum
409 3077 452 3128 est
462 3071 492 3127 in
502 3077 553 3128 tuo
565 3071 634 3129 dum
644 3079 723 3134 taxat
729 3071 864 3149 periculo,
872 3079 970 3129 tamen

134 3155 178 3204 eat
194 3148 235 3205 ita
250 3148 422 3206 inusitatum
435 3168 531 3226 regem
550 3169 629 3207 reum
651 3151 752 3228 capitis
773 3169 841 3222 esse,
854 3157 887 3209 ut
903 3157 970 3209 aute
