2240 3418
117 103 166 152 256
193 101 233 152 IN
250 101 287 150 Μ.
301 100 494 154 ANTONIUM
511 99 647 154 ORATIO
662 102 876 154 PHILIPPICA
889 103 928 154 II.

96 227 99 232 ·
117 202 156 262 sis
171 201 228 261 isto
244 201 309 260 loeo
325 209 418 274 natus,
430 202 534 261 deinde
553 222 620 260 oum
636 202 770 281 Pompeii
787 211 887 276 sector,
899 224 959 262 nou

118 288 147 340 te
158 290 333 340 exsecratum
343 281 453 360 populo
461 283 602 353 Romano,
612 301 670 340 non
682 283 889 354 detestabilem,
899 303 960 341 non

117 380 218 419 omnes
233 361 288 419 tibi
305 361 382 433 deos,
394 381 453 420 nou
472 381 572 420 omnes
590 362 722 420 homines
740 369 769 420 et
785 381 846 421 esse
865 363 961 420 inimi-

117 461 168 499 oos
191 448 221 499 et
243 441 358 500 futuros
381 442 472 500 seiasl
511 441 555 500 At
578 460 664 519 quam
684 441 841 500 insolenter
861 443 960 499 statim

117 520 214 578 helluo
230 521 335 580 invasit
350 521 381 578 in
398 522 459 578 eius
473 521 527 578 viri
540 521 680 592 fortunas,
692 522 773 579 euius
787 521 892 580 virtute
906 529 962 580 ter-

118 600 229 659 ribilior
241 608 302 659 erat
312 600 436 680 populus
446 601 594 659 Romanus
608 601 711 659 exteris
726 600 869 678 gentibus,
880 601 962 658 insti-

118 681 159 738 tia
169 681 278 738 cariori
311 680 441 739 XXVII.
453 680 488 738 In
502 681 563 738 eius
577 680 668 758 igitur
677 680 731 738 viri
741 681 839 758 eopias
852 699 918 738 eum
930 701 962 738 se

118 760 215 818 subito
239 761 451 838 ingurgitasset,
469 760 630 819 exsultabat
649 760 756 838 gaudio
777 779 900 838 persona
916 760 961 818 ‘de

118 841 209 897 mimo
225 840 314 898 modo
329 849 423 918 egens,
435 847 553 918 repente
569 841 657 898 dives
698 839 766 911 Sed,
778 846 812 897 ut
824 846 868 897 est
882 839 963 918 apud

118 925 238 997 poetam
258 920 355 977 neseio
366 939 469 998 ¹quem,
483 921 558 978 male
573 928 664 994 partu
683 920 759 976 mule
778 919 959 977 dilabuntur.

120 1004 167 1057 66.
182 998 353 1058 Incredibile
369 1019 402 1058 ao
418 999 512 1058 simile
525 1000 652 1078 portenti
666 1005 719 1070 est,
729 1018 854 1076 quonam
870 999 961 1056 modo

119 1078 244 1136 illatam
259 1079 351 1137 multa
367 1099 453 1158 quam
470 1080 569 1157 paucis
584 1098 645 1137 non
661 1079 727 1136 dieo
743 1077 898 1151 mensibus,
910 1079 963 1136 sed

119 1158 221 1217 diebus
241 1159 383 1218 effuderit
425 1159 568 1218 Maximus
586 1159 646 1216 vini
666 1176 803 1216 numerus
818 1158 884 1230 fuit,
899 1178 963 1237 per-

119 1257 256 1316 magnum
268 1240 372 1317 optimi
380 1239 495 1317 pondus
505 1238 624 1316 argenti,
632 1238 758 1316 pretiosa
767 1238 862 1309 vestis,
870 1237 963 1296 multa

119 1325 150 1377 et
166 1319 243 1377 lanta
263 1319 389 1396 supellex
410 1325 439 1377 et
458 1317 612 1396 magnifica
630 1317 731 1376 multis
747 1318 824 1389 loeis,
837 1336 895 1375 non
913 1317 963 1375 illa

120 1399 238 1476 quidem
265 1398 402 1456 luxuriosi
425 1398 560 1470 hominis,
581 1397 631 1456 aed
654 1404 752 1464 tamen
779 1397 960 1456 abundantis

119 1477 235 1536 Horum
249 1479 348 1556 paneis
363 1477 465 1536 diebus
477 1478 551 1536 nihil
565 1485 634 1537 erat.
677 1477 724 1545 61.
740 1475 820 1546 Quae
833 1476 963 1554 Charyt

44 1587 51 1596 *
120 1558 240 1616 distem
254 1559 361 1616 voraxl
400 1558 578 1636 Charybdim
595 1557 679 1616 dieol
699 1576 772 1635 quae
788 1557 813 1614 si
826 1557 892 1628 fuit,
902 1557 963 1614 ani-

119 1638 182 1696 mal.
192 1656 281 1696 unum
296 1638 370 1696 fuit:
391 1637 531 1709 Oceanus,
540 1656 588 1696 me
601 1638 667 1696 dius
680 1636 774 1708 lidius,
786 1636 834 1694 vix
848 1636 963 1694 videtur

119 1725 165 1776 tot
176 1725 291 1776 restam
301 1717 461 1794 dissipatas,
472 1725 531 1775 tam
543 1716 717 1776 distantibus
731 1716 761 1774 in
772 1716 843 1774 loeis
853 1715 963 1793 positas

119 1804 180 1854 tam
202 1798 261 1855 eito
283 1796 433 1854 absorbere
455 1797 590 1874 potuisse
635 1795 716 1854 Nihil
740 1796 961 1868 eratelausum,

119 1875 193 1934 nihil
209 1877 403 1953 obsignatum,
415 1875 487 1934 nihil
506 1877 653 1954 seriptum.
695 1875 864 1954 Apothecae
882 1882 963 1933 totae

120 1956 302 2034 nequissimis
321 1955 488 2014 hominibus
508 1955 752 2017 oondouabantnr.
794 1954 863 2012 Alia
878 1954 963 2012 mimi

119 2037 277 2114 rapiebant,
285 2036 341 2094 alia
348 2037 468 2095 mimae:
485 2035 590 2094 domus
599 2043 660 2094 erat
668 2033 839 2093 aleatoribus
847 2035 962 2105 referta,

120 2115 206 2194 plena
222 2117 383 2176 ebriorum:
404 2123 484 2174 totos
499 2115 562 2172 dies
577 2114 732 2193 potabatur
744 2122 831 2192 atque
846 2114 879 2172 id
892 2113 963 2172 loeis

120 2196 264 2274 pluribus:
282 2195 602 2274 suggerebant-aretiam
613 2213 796 2273 saepe-non
805 2193 882 2252 enim
892 2212 964 2250 sem-

120 2294 172 2352 per
192 2276 247 2334 iste
267 2276 484 2334 felix-damna
506 2274 648 2334 aleatoris
669 2322 671 2324 .
690 2272 887 2350 Conehyliatis
907 2272 961 2332 Cn.

120 2355 255 2433 Pompeii
269 2357 477 2434 peristromatis
491 2373 637 2414 servorum
651 2354 682 2411 in
698 2353 778 2412 eellis
791 2353 881 2428 lectos
894 2358 965 2411 stra·

120 2441 167 2492 tos
181 2435 299 2494 videres
338 2435 431 2505 Quam
446 2435 557 2498 obrem
572 2434 694 2492 desinite
708 2433 805 2490 mirari
818 2432 888 2491 liaeo
901 2439 964 2504 tam

121 2515 249 2573 celeriter
263 2534 323 2572 esse
336 2521 514 2593 consumpta
550 2514 618 2572 Non
632 2512 721 2571 modo
731 2512 818 2570 unius
827 2510 965 2590 patrimo-

120 2594 202 2652 nium
214 2595 344 2671 quamvis
357 2595 493 2672 amplum,
502 2593 616 2653 utillud
626 2593 694 2663 fule
704 2591 754 2650 sed
764 2592 849 2650 urbes
862 2599 892 2649 et
901 2610 965 2668 reg-

121 2673 811 2752 naceleritertantanequitiadevorarepotuisset
837 2671 965 2730 Atidam

121 2752 207 2810 aedes
223 2753 309 2810 etiam
329 2761 358 2811 et
374 2753 481 2818 hortos.
521 2752 607 2812 68.0
622 2752 770 2810 audaciam
787 2751 964 2810 immanem!

122 2837 155 2888 tu
164 2833 250 2889 etiam
261 2832 373 2908 ingredi
384 2833 461 2889 illam
473 2832 592 2890 domum
603 2851 688 2889 ausus
698 2833 747 2890 esl
765 2838 798 2889 tu
807 2830 878 2888 illud
887 2849 967 2888 sane-

122 2910 266 2968 tissimum
280 2910 368 2968 limen
379 2911 502 2968 intrerel
522 2917 557 2968 tu
569 2911 681 2968 illarum
695 2911 810 2968 aedium
821 2910 866 2968 dis
880 2929 968 2987 pena-

123 2987 201 3045 tibus
221 3008 254 3046 os
274 2989 500 3065 impurissimum
521 2990 689 3048 ostenderel
728 2990 822 3068 Quam
844 2990 966 3048 domum

123 3065 248 3143 aliquam
265 3067 315 3124 diu
332 3087 418 3126 nemo
434 3069 559 3145 aspicere
576 3075 698 3145 poterat,
710 3088 796 3144 nemo
803 3070 871 3127 sine
886 3069 968 3126 leeri-

123 3144 179 3201 mis
192 3145 353 3221 praeterire,
363 3145 417 3204 hae
431 3153 460 3220 te
474 3147 505 3204 in
518 3147 607 3214 domo
617 3154 678 3205 tam
689 3147 740 3206 diu
753 3149 894 3208 deversari
905 3167 967 3208 non
