2262 3412
376 104 767 209 cnr.x1.-x111.,§as-aa.
961 145 995 193 so

152 247 242 307 lectos
268 247 424 324 naufragos
453 247 658 324 adgregaverit,
682 247 879 323 exstinguetur
906 251 993 323 atquc

152 328 294 386 delebitur
315 346 374 384 non
396 327 484 384 modo
505 327 576 384 haec
597 334 657 384 tam
680 326 778 385 adulta
799 326 840 383 rei
861 325 992 403 publicae

151 409 249 485 pestis,
261 426 359 465 verum
376 407 462 464 etiam
479 407 565 485 stirps
581 427 614 464 aa
631 427 727 465 semen
744 407 884 464 malorum
901 407 993 463 omni-

152 507 210 544 um.
252 486 336 544 XIII.
378 492 423 544 31.
446 486 561 544 Etenim
575 487 633 544 iam
647 486 706 556 diu,
718 493 813 563 patres
827 487 989 564 conscripti,

151 567 182 624 in
203 567 248 624 his
267 566 401 644 periculis
422 566 627 624 coniurationis
648 566 817 642 insidiisque
837 585 990 638 versamur,

152 646 203 704 scd
222 646 318 704 nescio
339 665 397 723 quo
416 653 502 722 pacto
524 647 654 703 omnium
677 646 813 704 scelerum
835 665 867 702 ac
887 647 991 703 veteris

151 726 257 783 furoris
278 732 307 784 et
328 726 462 784 audaciae
485 726 635 784 maturitas
656 726 687 783 in
712 726 803 784 nostri
827 724 991 783 consulatus

151 813 265 883 tempus
278 806 380 883 erupit.
416 804 501 874 Quod
512 805 536 862 si
546 825 581 863 ex
595 813 677 863 tanto
688 805 837 863 latrocinio
843 805 902 882 iste
917 823 991 862 unus

151 885 275 958 tolletur,
287 885 448 944 videbimur
463 886 584 943 fortasse
603 885 640 943 ad
656 885 740 943 breve
758 884 904 962 quoddam
921 891 992 942 tem·

151 983 205 1041 pus
229 984 297 1023 cura
320 973 350 1023 et
374 971 454 1022 metu
480 984 540 1023 esse
566 965 691 1037 relevati,
711 965 869 1042 periculum
894 971 991 1030 autem

151 1044 287 1103 residebit
305 1049 335 1102 et
351 1045 406 1102 erit
421 1044 563 1102 inclusum
579 1045 694 1122 penitus
711 1045 740 1102 in
757 1044 837 1114 venis
856 1043 990 1121 atque'irr

151 1123 370 1192 visceribus‚rei
394 1123 533 1200 publicae.
581 1123 626 1182 Ut
650 1143 733 1201 saepe
757 1123 889 1181 homines
913 1123 991 1199 aegri

151 1202 254 1260 morbo
264 1202 352 1280 gravi,
363 1221 452 1280 quum
462 1210 543 1260 aestu
553 1203 683 1280 febrique
693 1203 843 1274 iactantur,
853 1203 877 1260 si
888 1219 991 1279 aquam

152 1281 277 1359 gelidam
303 1271 437 1353 biberint,
458 1283 553 1359 primo
580 1282 697 1340 relevari
724 1281 864 1354 videntur,
887 1280 991 1339 deiude

77 1411 83 1424 .
151 1361 244 1419 multo
266 1362 380 1440 gravius
401 1361 653 1440 vehementiusque
675 1361 865 1433 adflictantur,
884 1361 924 1418 sic
944 1360 992 1418 hic

151 1442 277 1514 morbus,
290 1442 340 1520 qui
357 1449 400 1500 est
413 1443 444 1499 in
457 1462 487 1500 re
500 1442 624 1520 publica,
636 1441 775 1500 relevatus
791 1441 874 1498 istius
889 1459 990 1518 poena,

152 1522 350 1580 vehementius
366 1523 438 1580 vivis
454 1523 570 1600 reliquis
586 1523 770 1599 ingravescet.
814 1527 859 1578 32.
882 1518 946 1588 Qua
962 1539 991 1578 re

55 1652 67 1673 ,
154 1600 993 1680 secedantimprobI,se'cernantseabonis,unuminlooum

154 1690 371 1759 congregentur,
380 1702 463 1741 muro
477 1683 609 1760 denique,
618 1682 650 1739 id
661 1681 739 1759 quod
753 1699 836 1758 saepe
850 1681 907 1738 iam
922 1680 991 1750 dixi,

154 1761 349 1820 discernantur
365 1783 383 1820 a
398 1762 498 1820 nobis:
520 1763 652 1821 desinant
668 1761 796 1819 insidiari
809 1761 910 1818 domui
927 1778 993 1816 suae

154 1841 272 1913 consuli,
288 1841 468 1900 circumstare
489 1842 614 1900 tribunal
633 1841 773 1919 praetoris
792 1839 901 1911 urbani,
920 1838 994 1896 obsi-

154 1921 221 1979 dere
235 1941 302 1979 cum
311 1922 414 1998 gladiis
427 1922 543 1992 curiam,
552 1920 700 1978 malleolos
711 1927 740 1978 et
750 1921 827 1978 faces
837 1921 874 1978 ad
885 1918 994 1976 inflam-

154 2000 290 2058 mandam
308 2001 408 2058 urbem
427 2019 606 2077 comparare:
631 2001 668 2058 sit
684 2001 807 2077 denique
824 1999 994 2076 inscriptum

155 2080 186 2137 in
199 2081 296 2138 fronte
312 2080 397 2137 unius
414 2081 550 2156 cuiusque
566 2080 687 2157 quidde
703 2099 733 2136 re
749 2079 865 2157 publica
881 2078 992 2136 sentiat.
1097 2095 1101 2104 ’

155 2151 298 2218 Polliceor
308 2159 390 2216 vobis
399 2158 463 2229 hoc,
472 2166 567 2236 patres
578 2159 739 2236 conscripti,
748 2167 858 2217 tautam
870 2159 900 2216 iu
911 2157 995 2216 nobis

155 2238 320 2296 consulibus
333 2239 396 2296 fore
409 2238 597 2314 diligentiam,
609 2245 718 2296 tantam
733 2239 763 2296 in
777 2238 859 2296 vobis
875 2238 995 2295 auctori·

155 2326 254 2390 tatem,
263 2325 373 2376 tantam
384 2319 414 2375 in
428 2317 572 2395 equitibus
582 2318 720 2375 Romanis
730 2318 874 2388 virtutem,
884 2323 994 2374 tantam

155 2400 186 2457 in
201 2395 335 2458 omnibus
347 2399 432 2456 bonis
448 2398 673 2469 consensionem,
685 2403 718 2455 ut
731 2396 871 2454 Catilinae
885 2397 996 2472 profec-

155 2480 235 2537 tione
256 2480 353 2537 omnia
373 2479 518 2556 patefacta
535 2477 682 2549 illustrata,
698 2495 833 2554 oppressa
851 2475 997 2534 vmdicata

156 2579 216 2618 esse
230 2559 358 2617 videatis
966 2599 970 2608 .

197 2645 243 2697 33.
266 2638 354 2697 Hisce
369 2638 521 2711 ominibus,
531 2637 663 2709 Catilina,
673 2656 739 2695 cum
753 2655 865 2694 summa
874 2636 915 2694 rei
925 2635 997 2712 pub

156 2719 226 2777 licae
237 2719 335 2790 salute,
346 2737 411 2776 cum
422 2726 473 2777 tua
482 2726 562 2797 peste
576 2737 609 2776 ac
621 2717 746 2795 pernicie
760 2736 883 2794 cumque
897 2735 996 2773 eorurn

157 2799 254 2871 exitis,
263 2799 314 2876 qui
328 2818 357 2857 se
371 2805 466 2856 tecum
481 2797 680 2856 omniscelere
692 2796 902 2874 parricidioque
916 2795 997 2853 iunx-

157 2886 248 2951 erunt,
267 2877 444 2957 proficiscere
465 2879 502 2939 ad
521 2879 644 2956 impium
664 2876 771 2935 bellurn
791 2895 824 2934 ac
844 2875 995 2934 nefarium.

156 2957 231 3017 Tum
249 2966 290 3030 tu,
307 2958 445 3036 luppiter,
462 2959 511 3035 qui
527 2958 629 3016 iisdem
646 2956 750 3034 quibus
765 2955 836 3014 haec
852 2954 919 3012 urbs
935 2973 997 3011 aus-

157 3039 240 3116 piciis
254 3058 271 3096 a
285 3037 409 3097 Romulo
424 3057 454 3096 es
468 3039 649 3107 constitutus,
661 3055 745 3114 quern
757 3035 899 3093 Statorem
909 3032 997 3092 huius

157 3117 236 3176 urbis
254 3125 340 3195 atque
356 3117 470 3195 imperii
486 3136 550 3175 vere
567 3121 756 3187 nomiuamus,
771 3113 848 3171 hunc
866 3120 895 3171 et
911 3112 997 3170 huius

158 3198 252 3257 socios
265 3217 283 3256 a
295 3198 353 3257 tuis
366 3198 421 3256 aris
435 3197 590 3274 ceterisque
604 3194 728 3272 templis,
739 3213 757 3252 a
769 3193 854 3269 tectis
869 3191 947 3252 urbis
963 3211 996 3252 ac
