2262 3418
112 147 161 198 100
309 145 379 196 PRO
396 145 430 196 L:
441 142 596 195 MURENA
612 143 756 196 oleario.-

112 267 172 306 esse
189 245 244 322 ipsi
264 244 417 302 candidato
436 243 583 301 obscurior
601 263 666 322 spes
682 245 772 302 videri
790 245 878 305 solet:
900 244 954 306 Oa-

66 382 68 386 ,
112 326 224 384 tilinem
236 325 343 382 interea
357 323 477 381 alacrem
490 331 576 400 atque
586 323 701 396 laetum,
712 325 849 402 stipatum
864 327 952 386 choro

112 405 277 475 iuventutis,
289 403 424 461 vallatum
438 403 581 460 indicibus
595 411 679 480 atque
694 404 809 476 sicariis,
821 405 952 464 infletum

113 505 178 544 cum
193 504 243 562 spe
257 484 382 542 militurn
393 491 456 540 tum
471 482 595 560 collegae
609 484 674 555 mei,
686 503 771 561 quem
785 485 952 544 admodum

113 563 226 623 dicebat
250 565 319 641 ipse,
340 563 495 641 promissis,
516 561 760 621 circumfluentem
785 565 952 624 colonorum

112 644 312 702 Arretinorum
333 650 362 702 et
383 642 603 701 Faesulanorum
624 644 766 702 exercitu:
790 665 875 723 quam
896 654 953 705 tur-

111 725 179 782 bam
198 723 389 781 dissimillimo
410 743 445 781 ex
465 741 568 800 genere
588 723 804 800 distinguebant
821 725 953 784 homines

112 804 237 882 percussi
258 802 368 861 Sullani
389 802 528 880 temporis
552 802 720 862 calamitate.
763 804 870 864 Vultus
893 813 953 864 erat

112 883 202 961 ipsius
210 884 312 961 plenus
322 883 435 954 furoris,
444 881 519 940 oculi
528 882 648 954 sceleris,
656 903 749 942 sermo
760 885 951 962 adrogantiae,

113 963 153 1020 sic
167 971 201 1020 ut
213 964 240 1020 ei
253 964 311 1020 iam
325 961 488 1040 exploratus
504 969 534 1020 et
548 962 627 1020 dorni
642 964 775 1022 conditus
792 965 954 1023 consulatus

112 1043 262 1102 videretur.
305 1041 454 1100 Murenam
478 1043 698 1102 contemnebat:
727 1043 886 1122 Sulpicium
910 1065 954 1103 ac-

99 1129 271 1180 cusatorem
293 1142 375 1180 suurn
397 1123 573 1195 numerabat,
588 1143 647 1181 non
668 1125 904 1202 competitorem:
927 1126 953 1182 ei

112 1203 171 1260 vim
199 1202 395 1274 denuntiabat,
415 1203 456 1260 rei
483 1203 614 1282 publicae
641 1203 810 1266 minabatur.
853 1205 951 1292 XXY.

114 1289 160 1341 50.
182 1281 293 1352 Quibus
309 1283 394 1340 rebus
410 1283 460 1361 qui
476 1283 565 1341 timor
580 1284 664 1355 bonis
682 1284 817 1342 omnibus
832 1284 953 1342 iniectus

113 1363 151 1420 ait
171 1371 333 1441 quantaque
354 1362 514 1440 desperatio
535 1363 575 1421 rei
595 1364 734 1441 publicae,
750 1365 774 1421 si
792 1364 840 1422 ille
860 1365 953 1422 iactus

112 1450 194 1514 esset,
206 1443 296 1501 nolite
313 1462 330 1500 a
345 1462 392 1500 mc
410 1443 586 1501 commoneri
599 1443 687 1502 velle:
708 1451 820 1502 vosmet
837 1444 892 1522 ipsi
906 1464 968 1502 vo·-

112 1522 223 1581 biscum
247 1522 443 1581 recordamini.
486 1522 658 1580 Meministis
682 1524 768 1596 enim,
788 1543 852 1581 curn
878 1524 953 1582 illius

112 1603 214 1660 nefarii
225 1603 391 1680 gladiatoris
401 1622 485 1660 voces
495 1602 729 1680 percrebuissent,
740 1623 809 1682 quas
821 1603 953 1662 habuisse

112 1683 143 1740 iu
171 1683 305 1741 contione
333 1683 490 1740 domestica
516 1683 671 1755 dicebatur,
692 1703 756 1740 curn
785 1685 952 1742 miserorum

112 1762 225 1822 fidelem
240 1763 419 1821 defensorem
434 1769 565 1840 negasset
575 1763 695 1820 inveniri
707 1783 798 1840 posse,
808 1764 863 1820 nisi
877 1783 951 1836 eum,

113 1845 162 1922 qni
173 1845 234 1921 ipse
247 1844 334 1902 miser
347 1850 428 1914 esset,
438 1843 615 1919 integrorum
628 1850 657 1900 et
667 1843 879 1900 fortunatorum
890 1863 954 1921 pro

111 1924 206 1981 missis
220 1925 331 1981 saucios
345 1929 374 1981 et
387 1923 506 1980 miseros
522 1922 634 1980 credere
651 1942 709 1980 non
727 1930 875 2000 oportere:
898 1943 954 2000 qua

111 2023 142 2061 re
159 2005 208 2081 qni
225 2010 397 2081 consumpta
411 2001 530 2080 replere,
545 2010 643 2080 erepte
658 2021 823 2080 recuperare
839 2003 951 2072 vellent,

112 2091 273 2161 spectarent
294 2085 364 2162 quid
384 2083 445 2161 ipse
466 2082 590 2154 deberet,
608 2083 679 2160 quid
698 2083 865 2160 possideret,
883 2083 953 2160 quid

112 2163 245 2222 auderet:
261 2165 382 2222 minime
396 2162 531 2220 timidum
546 2169 575 2220 11
585 2162 667 2220 valde
681 2162 878 2220 calamitosum
893 2182 953 2220 esse

112 2251 243 2321 oportere
260 2263 334 2316 enm,
347 2245 396 2323 qni
411 2250 485 2302 esset
498 2243 613 2300 futurus
627 2241 685 2299 dux
702 2249 732 2301 et
747 2242 867 2320 signifer
883 2243 953 2300 cala-

111 2323 289 2382 mitosorum.
334 2331 379 2382 51.
395 2323 477 2396 ,Tum
494 2323 591 2401 igitur,
605 2321 651 2380 his
667 2322 751 2380 rebus
767 2319 880 2394 auditis,
895 2331 953 2380 1111-

111 2403 236 2466 miniatis
259 2403 321 2462 fieri
345 2411 459 2462 senatus
487 2402 650 2461 consultum
678 2403 818 2460 referente
841 2421 896 2474 me,
915 2421 951 2460 ne

111 2491 227 2561 postero
248 2484 295 2542 die
315 2485 433 2542 comitia
452 2483 632 2554 haberentur,
647 2489 681 2540 ut
699 2482 735 2540 de
753 2482 799 2539 his
818 2482 903 2539 rebus
921 2483 951 2539 in

112 2571 212 2621 senatu
230 2583 313 2641 agere
331 2583 488 2641 possemus.
530 2562 632 2642 Itaque
650 2562 789 2640 postridie
808 2562 952 2639 frequenti

112 2650 211 2701 senatu
232 2643 387 2702 Catilinam
408 2643 529 2701 excitavi
549 2650 635 2721 atque
660 2662 725 2700 eum
747 2642 783 2700 de
803 2641 849 2699 his
868 2640 953 2699 rebus

111 2722 180 2780 iussi
195 2723 218 2780 si
233 2723 303 2800 quid
317 2723 409 2794 vellet,
420 2742 491 2800 quae
506 2723 542 2780 ad
552 2743 599 2781 me
613 2722 723 2780 adlatae
738 2728 839 2794 essent,
850 2721 950 2780 dicere.

111 2797 209 2880 Atque
219 2803 275 2874 ille,
285 2810 318 2860 ut
329 2822 440 2879 semper
450 2803 508 2860 fuit
522 2803 724 2880 apertissimus,
735 2823 793 2860 non
808 2821 838 2860 se
851 2820 953 2879 purga-

111 2883 160 2954 vit,
171 2883 222 2941 sed
234 2883 373 2941 indicavit
386 2889 471 2958 atque
486 2883 588 2941 induit.
624 2882 699 2940 Tum
714 2883 792 2942 enirn
806 2882 880 2941 dixit
893 2883 952 2940 duo

111 2981 231 3040 corpora
241 2981 301 3020 esse
312 2963 352 3019 rei
362 2961 500 3038 publicae,
509 2982 597 3020 unum
608 2962 709 3034 debile,
718 2963 832 3021 infirmo
844 2963 951 3040 capite:
993 3012 995 3020 .

110 3042 230 3100 alterum
244 3042 367 3111 firmum,
378 3041 438 3098 sine
452 3042 562 3118 capite:
581 3042 657 3113 huic,
668 3061 733 3100 cum
747 3043 788 3100 ita
802 3043 838 3100 de
852 3063 881 3100 11
895 3062 953 3100 me

110 3123 197 3180 ritum
217 3128 299 3190 esset,
314 3127 400 3197 caput
417 3140 446 3178 11
465 3122 530 3179 vivo
549 3142 607 3180 non
624 3122 799 3180 defuturum.
841 3121 953 3200 (longe

108 3202 185 3260 muit
200 3207 314 3258 senatus
329 3200 464 3278 frequens
480 3219 572 3279 neque
588 3209 686 3259 tamen
702 3201 771 3259 satis
787 3220 882 3261 severe
898 3221 953 3280 pro
