2262 3418
113 114 161 164 142
250 114 320 166 PRO
336 114 368 165 Τ.
382 113 498 166 ANNIO
514 113 654 167 MILONE
670 114 815 168 ORATIO.

107 213 267 296 'aliquando
287 213 416 292 gladium
436 214 521 272 nobis
541 214 578 272 ad
593 214 742 274 hominem
763 215 953 276 occidendum

112 294 149 353 ab
166 294 237 372 ipsis
255 294 364 372 porrigi
381 295 512 373 legibusl
546 295 598 354 IV.
616 294 710 374 Atqui
730 296 755 353 si
774 303 889 374 tempus
909 304 954 356 est

112 374 204 433 ullum
219 374 281 432 iure
299 374 426 432 hominis
444 374 572 447 necandi,
585 395 657 453 quae
678 376 770 433 multa
790 383 864 448 sunt,
876 384 953 436 certe

112 454 184 512 illud
194 460 238 512 est
250 472 310 511 non
324 453 412 512 modo
422 455 538 527 iustum,
546 474 644 513 rerum
656 455 742 513 etiam
754 456 952 528 necessarium,

112 553 178 592 cum
188 533 217 591 vi
225 534 267 592 vis
277 533 356 592 illata
366 533 538 592 defenditur.
567 534 743 592 Pudicitiam
754 555 820 593 cum
831 536 954 613 eriperet

112 614 198 672 militi
212 613 345 672 tribunus
359 613 492 672 militaris
505 614 535 670 iu
551 615 678 672 exercitu
693 614 724 673 Ο.
733 615 825 687 Marii,
837 617 954 693 propin-

113 714 186 773 quus
203 694 263 752 eius
280 694 646 772 imperatoris,interfectus
662 693 698 752 ab
715 713 749 752 eo
766 701 817 767 est,
830 695 877 753 cui
892 696 952 754 vim

112 773 267 832 adferebat
310 773 413 832 Facere
433 773 510 831 enim
531 773 639 851 probus
660 773 823 832 adolescens
843 775 954 852 pericii·

112 853 172 912 lose
186 873 272 933 quam
287 853 399 931 perpeti
411 853 534 930 turpiter
549 853 659 912 maluit
701 852 800 932 Atque
813 855 891 913 hunc
905 855 952 914 ille

112 952 242 1008 summus
255 933 298 991 vir
314 932 418 992 scelere
434 933 561 991 solutum
577 933 705 1010 periculo
722 932 860 993 liberavit
904 940 950 993 10.

112 1013 277 1071 Insidiatori
292 1032 359 1076 vero
375 1019 405 1071 et
418 1012 522 1070 latroni
535 1032 609 1091 quse
622 1020 718 1090 potest
732 1014 832 1072 inferri
846 1014 953 1073 iniusta

112 1095 186 1152 nexi
216 1092 457 1162 Quidcomitatus
466 1092 863 1171 nostriquidgladiivoluntl
899 1113 966 1153 uos·

111 1172 216 1232 habere
230 1180 306 1232 certe
322 1191 382 1230 uon
396 1173 504 1244 liceret,
516 1172 541 1230 si
557 1173 601 1231 uti
617 1172 674 1231 illis
689 1172 769 1231 u'ullo
785 1181 871 1252 pacto
879 1114 953 1233 liee-

112 1261 163 1314 ret
205 1254 259 1312 Est
274 1253 364 1330 igitur
383 1253 462 1324 haee,
476 1253 594 1325 iudices,
608 1271 668 1310 non
689 1253 802 1331 scripta,
814 1254 865 1312 sed
884 1264 952 1313 nata

111 1333 165 1405 lex,
178 1352 264 1411 quam
281 1353 339 1392 nou
356 1333 518 1404 didicimus,
530 1333 699 1411 accepimus,
711 1333 840 1411 legimus,
852 1353 951 1392 verum

21 1421 25 1428 ’
112 1433 146 1471 ex
157 1421 259 1472 natura
269 1412 331 1490 ipsa
344 1413 530 1491 adripuimus,
539 1412 695 1484 hausimus,
707 1413 904 1490 expressimus,
914 1414 952 1472 ad

112 1512 199 1571 quam
215 1513 274 1550 non
295 1493 384 1565 docti,
397 1492 447 1550 sed
463 1492 542 1564 facti,
554 1511 613 1550 non
634 1492 768 1565 instituti,
781 1493 835 1551 sed
846 1493 951 1552 imbuti
1037 1502 1039 1506 '

112 1583 218 1645 sumus,
230 1580 271 1644 ut,
284 1572 308 1630 si
322 1572 381 1630 vita
394 1579 492 1630 nostra
504 1573 535 1647 in
550 1572 659 1650 aliquos
672 1572 798 1644 insidias,
810 1573 834 1630 si
848 1574 878 1630 iu
892 1574 951 1631 vim

111 1660 141 1711 et
161 1653 192 1710 in
212 1652 270 1711 tela
289 1659 339 1710 aut
359 1651 503 1710 latronum
524 1659 574 1710 aut
592 1651 775 1710 inimicorum
795 1653 949 1726 incidisset,

112 1733 206 1791 omnis
222 1732 344 1790 honesta
360 1731 434 1789 ratio
454 1738 528 1790 esset
544 1732 738 1809 expediendae
760 1733 866 1792 salutis
909 1733 952 1792 si-

111 1813 171 1872 lent
188 1812 264 1870 enim
281 1811 358 1888 leges
374 1811 449 1870 inter
464 1831 543 1870 arma
558 1831 611 1870 uec
625 1831 655 1870 se
669 1813 825 1890 exspectari
841 1813 949 1887 iubent,

111 1912 177 1951 cum
188 1893 222 1964 oi,
236 1891 285 1970 qui
294 1897 455 1969 exspectare
466 1890 542 1963 velit,
552 1899 619 1950 ante
629 1892 735 1950 iniusta
744 1912 838 1970 poena
848 1892 952 1952 luenda

111 1973 149 2030 sit
166 1991 252 2051 quam
269 1972 345 2030 iusta
363 1971 525 2049 repetenda
569 1976 614 2029 11.
630 1971 694 2029 Etsi
712 1973 906 2050 persapienter
921 1981 951 2032 et

58 2114 64 2126 .
112 2053 238 2130 quodam
253 2052 343 2110 modo
359 2051 446 2110 tacite
462 2051 513 2109 dat
529 2051 592 2129 ipsa
608 2050 652 2108 lex
666 2059 839 2129 potestatem
854 2053 951 2112 deien-

111 2133 207 2204 dendi,
220 2151 292 2210 quac
308 2151 367 2188 uon
384 2131 532 2188 hominem
549 2131 650 2203 occidi,
666 2131 716 2189 sed
732 2151 793 2190 esse
809 2151 874 2191 cum
892 2133 950 2192 telo

111 2211 238 2270 hominis
258 2211 408 2270 occidendi
428 2230 514 2270 causa
536 2217 622 2282 vetat,
637 2218 678 2282 ut,
694 2231 760 2270 cum
785 2232 877 2284 carisa,
891 2231 950 2271 non

111 2291 201 2351 telum
218 2299 406 2371 quaereretur,
419 2291 469 2369 qui
486 2291 530 2349 sui
547 2290 721 2348 defendendi
738 2311 823 2350 causa
835 2292 894 2350 telo
910 2312 951 2351 es-

111 2380 155 2432 set
165 2392 241 2444 usus,
253 2391 312 2430 nou
322 2371 449 2430 hominis
460 2371 610 2430 occidendi
620 2390 705 2428 eausa
714 2371 847 2430 habuisse
860 2371 950 2430 telum

110 2452 291 2510 iudicaretur.
333 2451 515 2530 Quapropter
534 2451 590 2509 hoc
614 2458 729 2509 maneat
749 2451 780 2509 iu
800 2471 893 2523 causa,
909 2452 952 2510 iu-

110 2532 205 2590 dices:
226 2536 285 2590 no'u
306 2531 383 2590 euim
400 2532 502 2590 dubito
519 2531 590 2610 quin
606 2529 778 2608 probaturus
799 2531 853 2588 sim
869 2531 951 2590 vobis

111 2612 309 2670 defensionem
322 2631 425 2682 meam,
437 2611 461 2669 si
475 2612 507 2670 id
519 2610 716 2682 memineritis,
729 2611 808 2689 quod
822 2611 951 2670 oblivisci

111 2710 171 2750 nou
184 2691 312 2769 potestis,
324 2691 520 2750 insidiatorem
534 2690 655 2749 interfici
670 2691 731 2749 iure
744 2711 836 2769 posse.

151 2771 189 2831 V.
228 2777 273 2830 12.
295 2771 431 2850 Sequitur
454 2771 533 2843 illud,
549 2771 629 2849 quod
650 2790 668 2828 a
689 2771 806 2830 Milonis
827 2771 952 2829 inimicis

112 2851 276 2931 saepissime
290 2851 402 2923 dicitur,
413 2851 537 2922 eaedem,
549 2851 579 2908 in
594 2871 651 2929 qua
664 2852 697 2910 P.
708 2851 828 2910 Clodius
841 2852 952 2909 occisus

112 2939 163 3005 est,
176 2939 306 2991 senatum
321 2931 460 2989 iudicasse
474 2937 575 2989 contra
587 2950 647 2988 rem
661 2931 806 3010 publicam
821 2951 881 2990 esse
895 2931 953 2989 fac·

111 3020 180 3071 tam.
223 3011 306 3070 Illam
320 3030 387 3069 vero
402 3018 516 3070 senatus
532 3029 591 3068 non
609 3011 758 3069 sententiis
774 3012 833 3070 suis
849 3012 951 3082 solum,

113 3091 267 3150 sedetiam
284 3091 386 3149 studiis
403 3089 609 3168 comprobavit.
651 3089 792 3159 Quotiens
813 3091 889 3150 euim
909 3097 953 3149 est
980 3121 986 3135 ·

124 3171 162 3230 'la
178 3189 262 3229 causa
275 3189 292 3228 a
306 3169 389 3228 nobis
403 3177 466 3228 acta
479 3170 510 3228 in
524 3169 640 3262 senatui
663 3169 766 3249 quibus
780 3170 953 3230 adsensioni·
