2262 3412
25 2197 30 2208 ,
121 2142 282 2201 Gracchum
293 2143 512 2201 mediocritatis

126 139 158 186 28
296 135 335 185 IN
353 137 383 186 L.
398 135 604 187 CATILINAM
620 136 755 190 ORATIO
771 141 794 188 L

126 233 231 284 Statoris
250 235 401 295 convocavit,
416 249 467 298 quo
485 249 544 284 curn
563 235 674 285 Catilina
694 236 766 298 quasi
785 236 822 284 sui
842 237 964 300 purgandi

125 315 202 348 causa
212 299 319 348 venisset
333 300 421 348 Cicero
438 315 502 360 eam,
513 314 577 363 quac
593 300 660 348 infra
676 299 775 363 legitur,
786 301 925 352 orationem
938 303 965 352 in

126 364 261 414 Catilinam
272 364 487 414 vehementissime
496 364 616 414 invehens
627 364 723 415 habuit.

165 474 188 533 L
228 480 253 532 l.
270 473 335 544 Quo
349 494 438 552 usque
448 475 566 546 tandem
580 475 704 546 abutere,
715 474 846 548 Catilina,
856 477 965 554 patien-

125 554 295 612 tianostral
316 573 402 632 quam
419 555 469 612 diu
486 555 573 613 etiam
589 555 671 612 furor
686 555 741 612 iste
754 562 821 612 tuus
838 574 890 614 nos
908 556 965 614 clu·

124 633 193 691 det-l
213 653 299 711 quem
315 633 353 691 ad
365 633 452 691 finem
470 653 530 691 sese
547 634 684 691 effrenata
696 633 815 692 iactabit
828 635 964 694 audaciai

124 712 242 770 Nihilne
256 719 284 770 te
299 720 471 770 nocturnum
486 713 659 792 praesidium
672 713 784 785 Palatii,
797 713 869 771 nihii
885 714 964 774 urbis

124 792 246 872 vigiliae,
258 792 331 850 nihil
344 793 433 850 timor
445 792 555 870 populi,
567 792 640 849 nihil
654 795 807 850 concursus
820 793 963 852 bonorum

124 872 263 943 omnium,
274 872 346 928 nihil
362 871 409 929 hic
425 872 635 940 munitissimus
649 871 776 930 habendi
793 880 908 931 senatus
924 872 964 931 lo-

124 971 182 1022 cus,
197 950 270 1008 nihil
286 951 391 1008 horum
410 970 460 1008 ora
478 951 630 1028 vultusque
650 953 820 1010 moverunt?
860 952 963 1011 Patere

123 1037 175 1088 tua
190 1030 309 1088 consilia
324 1049 383 1087 non
401 1031 508 1089 sentis?
528 1031 712 1089 constrictam
731 1025 813 1109 [iam]
832 1033 962 1090 omnium

123 1108 227 1167 horum
238 1110 357 1167 scientia
366 1111 457 1168 teneri
470 1111 696 1169 coniurationem
706 1118 786 1168 tuam
798 1114 857 1169 non
867 1111 963 1170 videsl

123 1188 201 1258 Quid
209 1187 427 1267 proxima'quid
438 1190 581 1268 superiore
594 1198 680 1249 nocte
694 1191 792 1268 egeris,
803 1190 854 1248 ubi
863 1191 960 1264 fueris,

124 1288 196 1346 quos
218 1270 425 1342 convocaveris,
447 1270 517 1348 quid
541 1269 652 1328 consilii
676 1271 784 1347 ceperis
807 1289 892 1348 quem
912 1290 963 1329 no·

123 1356 214 1407 strum
228 1349 359 1426 ignorare
373 1349 535 1407 arbitrarisl
569 1355 595 1406 2.
608 1349 635 1408 Ο
645 1351 792 1427 tempora!
813 1349 840 1410 Ο
851 1351 961 1410 monesi

123 1435 238 1486 senatus
252 1428 321 1486 haec
334 1427 478 1506 intelligit,
490 1428 589 1486 consul
601 1429 694 1486 videt:
716 1428 762 1486 hic
773 1436 870 1487 tamen
881 1430 959 1488 vivit

123 1506 224 1565 Vivitl
243 1507 334 1565 immo
350 1525 418 1565 vero
438 1508 525 1565 ctiam
542 1508 572 1564 in
593 1515 724 1566 senatum
740 1509 827 1580 venit,
842 1508 875 1567 fit
891 1509 962 1586 pul>

122 1586 171 1644 lici
184 1586 295 1644 consilii
306 1587 456 1664 particeps,
467 1593 550 1645 notat
564 1593 594 1644 et
606 1587 738 1664 designat
752 1587 841 1646 oculis
854 1588 892 1646 ad
902 1608 961 1647 cae·

123 1667 189 1723 dem
204 1685 294 1723 unum
309 1685 449 1744 quemque
463 1673 602 1724 nostrum.
643 1665 706 1724 Nos
719 1674 824 1739 autem,
836 1667 890 1726 viri
903 1669 961 1727 ior·

122 1752 173 1817 tes,
186 1745 254 1803 satis
264 1746 358 1804 facere
368 1746 409 1803 rci
419 1745 550 1823 publicae
558 1746 695 1817 videmur,
706 1747 730 1804 si
740 1747 823 1804 istius
833 1747 960 1806 furorem

122 1843 155 1882 ac
169 1824 226 1883 tela
239 1825 369 1883 ntemus.
405 1824 455 1882 Ad
468 1832 591 1882 mortem
605 1831 643 1897 te,
655 1825 786 1897 Catilina,
799 1826 866 1885 duci
882 1827 960 1885 iussu

123 1905 247 1962 consulis
257 1905 315 1962 iam
325 1904 437 1982 pridem
452 1904 611 1982 oportebat,
624 1905 654 1961 in
668 1912 697 1963 te
711 1899 835 1964 conferri
849 1914 960 1984 pestem

122 2003 209 2061 quam
224 1991 258 2042 tu
274 1985 305 2041 in
321 2003 374 2041 nos
392 1978 462 2058 [iarn
479 1983 530 2042 diu
559 1984 739 2044 machinaris
782 1992 808 2044 3.
826 1985 876 2044 An
892 2005 960 2044 vero

122 2064 165 2120 vir
188 2064 389 2141 amplissimus,
408 2063 441 2123 P.
460 2063 566 2201 Scipieo,
588 2065 721 2140 pontifex
748 2065 899 2137 maximus,
914 2065 958 2126 Ti.

561 2150 704 2201 astantem
718 2151 824 2202 statum
838 2145 961 2223 reipub·

121 2223 192 2280 licae
215 2223 344 2300 privatus
367 2223 532 2280 interfecit:
562 2221 717 2281 Catilinam
745 2224 844 2282 orbem
869 2231 960 2282 terrac

100 2319 105 2329 ·
122 2302 207 2360 caede
218 2310 303 2380 atque
314 2302 454 2360 incendiis
464 2309 573 2360 vastare
587 2303 750 2379 cupientem
761 2323 815 2364 nos
829 2303 959 2362 consules

120 2382 315 2459 perferemusl
345 2381 420 2450 Nam
431 2381 480 2440 illa
490 2382 575 2439 nimis
589 2382 707 2460 antiqua
716 2390 870 2461 praetereo,
882 2381 960 2461 quod

121 2461 154 2520 C.
167 2460 302 2519 Servilius
316 2460 411 2518 Ahala
427 2460 476 2538 sp.
486 2460 623 2519 Maelium
638 2463 721 2520 novis
741 2462 825 2521 rebus
846 2463 960 2521 studen-

121 2548 181 2598 tem
199 2559 287 2598 manu
306 2559 357 2598 sua
372 2541 485 2599 occidit.
528 2540 603 2613 Fuit,
621 2541 679 2599 fuit
694 2542 750 2600 ista
766 2542 912 2620 quondam
928 2542 959 2600 in

120 2619 174 2677 hac
187 2639 218 2677 re
231 2620 346 2697 publica
358 2620 456 2693 virtus,
468 2627 501 2678 ut
514 2620 568 2678 viri
581 2620 672 2678 fomes
685 2621 840 2679 acrioribus
854 2621 960 2699 suppli·

121 2699 173 2756 ciis
189 2700 280 2756 civem
296 2700 489 2778 perniciosum
506 2719 591 2776 quam
612 2701 825 2758 acerbissimum
845 2701 959 2758 hostem

121 2785 292 2838 coercerent.
328 2780 476 2838 Habemus
491 2787 604 2839 senatus
618 2775 781 2838 consultum
794 2781 824 2838 in
835 2788 873 2853 to,
884 2780 960 2839 Cati·

121 2858 187 2931 lina,
199 2859 352 2918 vehemens
365 2867 395 2918 et
405 2879 506 2937 grave:
528 2879 587 2917 non
601 2859 682 2918 deest
694 2861 735 2918 rei
748 2860 879 2938 publicae
893 2879 960 2918 con·
1072 2891 1077 2896 ·

121 2938 217 2996 silium
230 2959 323 3017 neque
336 2940 489 2996 auctoritas
498 2939 584 2996 huius
598 2940 705 2997 ordinis
715 2958 727 2997 :·
743 2958 804 3011 nos,
820 2960 881 3012 nos,
893 2933 959 2997 dito

121 3026 226 3096 aperte,
238 3018 368 3078 consulas
378 3018 520 3077 desumus
559 3017 596 3076 ΙΙ.
628 3024 654 3077 4.
666 3019 801 3077 Decrevit
812 3019 958 3098 quondam

118 3106 243 3170 senatus,
262 3105 295 3156 ut
318 3096 493 3173 LOpimius
513 3097 611 3155 consul
628 3098 737 3156 videret
759 3117 796 3156 ne
821 3099 891 3177 quid
914 3117 959 3172 res

120 3178 236 3254 publica
244 3176 411 3236 detrimenti
421 3183 551 3254 caperet:
568 3196 626 3236 nox
637 3177 715 3236 nulla
724 3177 900 3236 intercessit:
916 3177 959 3242 in-
