2240 3418
426 130 729 195 unaarum-r.
955 135 1005 183 aas

162 235 238 296 diosi
254 235 384 293 fuissent.
426 233 480 292 ΙΙΙ.
514 239 540 292 5.
562 232 604 291 At
619 233 839 292 beneficiosum
856 237 908 292 tuo
926 253 1002 293 usus.

162 315 252 384 Quor-
273 332 447 392 quamquam
471 313 543 372 illud
563 313 667 391 ipsum,
683 313 762 392 quod
785 331 1002 386 commemoras,

162 413 274 473 semper
284 413 351 471 prae
365 412 412 451 me
426 392 487 451 tuli.
523 392 613 450 Malui
626 392 673 451 me
687 393 741 450 tibi
756 393 858 451 debere
872 392 1004 452 confiteri

127 497 129 502 ’
161 493 249 612 illm
269 472 1004 632 tlt?tlttttldttltttttltt

161 632 317 692 occideris?
357 631 449 701 Quem
471 632 533 710 ipse
554 633 653 703 victor,
666 631 716 709 qui
736 631 799 703 tibi,
811 639 845 691 ut
860 639 927 691 tute
942 632 1003 711 glo-

159 713 227 771 riari
237 711 355 785 solebas,
366 711 506 770 detulerat
515 731 551 770 ex
561 710 719 770 latronibus
730 712 789 769 suis
798 712 1000 790 principatum,

160 792 270 851 salvum
284 811 344 850 esse
357 792 502 863 voluisset,
514 792 546 849 in
559 790 673 850 Italiam
687 791 728 850 ire
742 792 877 864 iussisset,
889 811 955 850 eum
968 798 1002 850 tu

160 871 322 934 occideresl
362 871 418 930 Fac
441 872 578 950 potuisse.
621 870 707 940 Quod
734 879 778 946 cst
801 872 888 943 aliud,
906 879 1001 950 patres

160 951 323 1030 conscripti,
334 949 505 1010 beneficium
516 951 659 1010 latronum
669 952 726 1009 nisi
736 959 769 1010 ut
779 970 1002 1010 commemorare

160 1032 273 1109 possint
288 1031 324 1089 iis
340 1050 371 1089 sc
389 1030 502 1089 dedisse
518 1032 616 1103 vitam,
629 1032 732 1109 quibus
748 1051 807 1090 non
824 1032 1002 1090 ademerint?

160 1111 247 1181 Quod
261 1111 285 1168 si
298 1117 373 1169 esset
387 1109 566 1183 beneficium,
578 1131 744 1189 numquam,
756 1113 806 1189 qui
820 1111 901 1169 illum
917 1113 1003 1169 inter·

160 1191 309 1250 fecerunt:
334 1209 352 1248 a
373 1209 432 1268 quo
453 1197 536 1249 erant
558 1191 669 1263 servati,
686 1211 758 1268 quos
777 1197 811 1249 tu
831 1191 1002 1248 clarissimos

160 1271 237 1328 viros
247 1270 321 1329 soles
331 1269 481 1348 appellare,
491 1278 601 1329 tantam
612 1277 706 1328 essent
715 1271 837 1348 gloriam
847 1271 1001 1329 consecuti.

161 1349 251 1420 Quale
268 1357 365 1409 autem
381 1349 552 1409 beneficium
569 1351 710 1428 estquod
723 1357 753 1408 te
768 1349 939 1408 abstinueris
949 1368 1003 1408 ne

160 1430 235 1488 fario
252 1429 374 1488 scelerel
414 1429 479 1500 Qua
494 1431 525 1488 in
541 1451 572 1488 re
591 1449 651 1488 non
670 1437 731 1488 tam
752 1429 909 1487 iucundum
929 1430 1003 1487 mihi

161 1509 251 1570 videri
262 1509 363 1570 debuit
372 1529 432 1568 non
445 1510 630 1568 interfectum
643 1529 687 1568 me
700 1516 756 1582 ate
770 1529 856 1588 quam
866 1510 1003 1567 miserum

160 1596 191 1649 ta
204 1590 236 1649 id
249 1591 369 1668 impune
378 1591 472 1648 facere
486 1591 623 1668 potuisse.
659 1595 686 1648 6.
698 1589 756 1648 Sed
770 1591 808 1648 sit
821 1589 1001 1662 beneficium,

162 1670 279 1750 quando
290 1669 406 1749 quidem
416 1671 510 1728 maius
520 1670 610 1748 accipi
621 1689 638 1728 a
647 1670 757 1729 latrone
767 1669 878 1728 nullum
888 1669 1002 1748 potuit:

161 1750 193 1810 in
210 1770 269 1829 quo
285 1756 369 1827 potes
384 1768 432 1808 me
452 1749 546 1832 dicere
562 1750 726 1825 ingratum?
766 1749 815 1808 An
833 1750 868 1809 dc
884 1750 1002 1808 interitu

162 1830 349 1909 reipublicae
365 1830 446 1908 queri
463 1848 522 1888 non
539 1828 634 1901 debui,
646 1849 683 1888 ne
696 1830 727 1886 in
741 1836 771 1888 te
784 1830 914 1907 ingratus
928 1828 1004 1887 vide

161 1913 225 1970 rerl
265 1909 308 1968 At
321 1911 352 1968 in
366 1909 415 1968 illa
429 1908 561 1988 querella
572 1910 677 1967 misera
690 1909 808 1987 quidem
821 1917 851 1968 et
864 1909 1002 1980 luctuosa,

163 1991 214 2050 scd
227 1989 301 2048 mihi
313 2009 367 2068 pro
381 1989 437 2047 hoc
453 1989 552 2066 gradu,
564 1989 595 2046 in
609 2008 668 2066 quo
680 2007 728 2047 me
742 1997 857 2047 senatus
870 1989 1005 2067 populus·

163 2090 219 2150 que
236 2070 384 2128 Romanus
400 2068 559 2140 collocavit,
570 2069 734 2140 necessaria,
747 2068 819 2146 quid
834 2076 878 2127 est
894 2068 1004 2127 dictum

163 2169 247 2210 ame
267 2169 334 2208 cum
355 2148 548 2207 contumelial
572 2146 643 2226 quid
662 2166 722 2206 non
744 2148 910 2206 moderatel
934 2147 1005 2225 quid

162 2250 223 2289 non
242 2229 353 2288 amicel
392 2227 479 2297 Quod
495 2227 613 2306 quidem
628 2228 710 2285 cuius
725 2227 931 2304 temperantiae
946 2227 1005 2285 fuit
1027 2233 1034 2246 '

163 2311 200 2368 de
213 2310 252 2368 M.
263 2309 395 2368 Antonio
410 2315 575 2386 querentem
589 2307 732 2366 abstinere
748 2306 917 2378 maledictis,
927 2325 1006 2384 prae·

163 2390 262 2448 sertim
284 2408 351 2448 cum
375 2395 408 2446 tu
430 2387 564 2464 reliquias
583 2387 625 2444 rei
644 2386 788 2464 publicae.
799 2387 1004 2464 dissipavisses,

163 2489 229 2528 cum
243 2469 325 2528 domi
338 2474 405 2527 tuae
418 2467 586 2545 turpissimo
598 2473 726 2524 mercatu
739 2466 838 2524 omnia
850 2472 945 2524 essent
960 2485 1006 2524 ve

163 2549 247 2620 nalia,
264 2568 331 2607 cum
355 2547 434 2625 leges
457 2566 513 2618 eas,
533 2565 606 2624 quae
628 2565 785 2623 numquam
807 2544 1006 2623 promulgatae

164 2635 266 2701 essent,
278 2635 308 2687 et
321 2627 358 2686 de
371 2634 401 2686 te
415 2633 445 2685 et
458 2645 475 2684 a
488 2633 518 2684 te
531 2626 603 2684 latas
616 2624 789 2697 confiterere,
799 2645 865 2683 oum
880 2625 1007 2702 auspicia

164 2728 263 2786 augur,
278 2707 512 2766 intercessionem
532 2704 632 2764 consul
656 2705 825 2776 sustulisses,
843 2725 908 2763 eum
931 2724 1007 2762 esses

163 2788 330 2846 foedissime
347 2787 470 2865 stipatus
490 2785 615 2856 armatis,
627 2803 693 2842 cum
710 2804 810 2842 omnes
825 2785 1012 2862 impuritates.

164 2867 312 2944 impudica
326 2867 358 2924 in
372 2867 461 2924 domo
475 2864 582 2923 cotidie
598 2865 762 2941 susciperes,
772 2865 840 2921 vino
854 2864 1006 2941 lustrisque

164 2947 322 3006 confectus
359 2946 385 3004 7.
397 2945 440 3004 At
454 2963 517 3022 ego,
528 2951 676 3021 tamquam
690 2944 763 3001 mihi
776 2962 842 3001 cum
857 2943 896 3000 M.
904 2942 1007 3002 Crasso

164 3027 313 3086 contentio
328 3031 412 3097 essct,
424 3042 550 3102 quocum
570 3022 678 3081 multae
696 3030 725 3082 et
741 3042 862 3100 magnae
878 3024 1006 3094 fuerunt,

164 3125 224 3164 non
245 3125 311 3164 cum
332 3124 391 3162 uno
411 3103 569 3181 gladiatore
585 3102 770 3180 nequissimo,
785 3103 822 3160 de
842 3100 1009 3179 republica

165 3185 290 3263 graviter
303 3202 432 3262 querens,
442 3183 479 3241 de
488 3180 607 3241 homine
620 3180 694 3240 nihil
704 3181 773 3241 dixi.
808 3180 910 3281 Itaque
919 3179 1007 3240 hodio
