2262 3412
803 7 953 120 aslsa

44 173 48 182 .
124 125 157 174 46
201 161 205 170 .
286 126 327 177 IN
343 126 374 178 L
390 124 596 179 CATILINAM
612 112 801 177 ommia

6 219 9 224 ’
124 232 158 285 ut
174 226 451 305 importunissimum
471 227 603 286 hostem?
624 225 800 304 quinetiam
820 222 964 303 principes

124 307 185 365 eius
201 307 310 366 ordinis
325 315 437 385 partem
452 307 531 366 illam
548 305 753 396 subsQoym
765 305 803 364 ad
816 325 902 382 quam
915 305 964 364 ille

77 413 82 422 ·
124 393 286 459 accesserat,
306 388 414 445 nudam
440 394 526 465 atque
549 387 664 444 inanem
689 385 893 478 reliquerunt)
916 391 962 444 13.

124 466 182 524 Hie
198 486 252 544 ego
266 467 420 526 vehemens
432 467 479 524 ille
496 466 603 537 consul,
616 465 666 543 qui
679 465 766 524 verbo
782 465 858 523 eives
871 484 902 522 ru
918 484 966 522 ex·

124 548 222 606 silium
232 547 323 619 eiieio,
332 546 458 625 quaesivi
468 564 486 603 a
495 545 620 604 Catilina
628 545 659 603 in
668 552 810 606 nontumo
821 551 965 602 conventu

124 629 203 706 apud
226 627 265 686 ia
283 627 404 686 hmani
430 626 533 686 fuisset
558 643 656 700 nappe
700 624 776 682 Cum
799 624 856 696 ille,
875 624 965 682 homo

125 707 338 779 audacissimus,
347 689 686 777 eonseieffiaeouvietus,
693 705 788 782 primo
796 704 964 776 reticuisset,

125 787 249 864 patefeci
262 793 372 846 cetera:
393 785 465 863 quid
478 804 512 843 ea
523 791 608 843 noete
622 804 638 843 e
660 785 734 856 sset,
744 784 815 863 quid
827 778 967 862 in‘p‘rdxi-

126 886 203 927 marn
226 865 428 937 constituisset,
446 884 532 943 quem
552 865 590 922 ad
609 883 640 922 m
679 884 730 922 um
751 870 825 922 esset
863 864 869 877 '
922 864 966 921 tio

126 946 217 1005 tetius
234 945 303 1004 belli
319 945 462 1023 descripta
480 945 590 1003 edeam.
632 944 744 1003 Cumh
802 950 863 1001 tare
877 987 884 1016 ,
897 939 966 1001 'cum
1013 1017 1016 1021 ἦ

13 1067 16 1087 .
91 1091 93 1101 ,
126 1032 279 1097 teneretur,
294 1025 420 1103 quaesivi
438 1025 509 1103 quid
527 1023 672 1102 duhitaret
689 1023 786 1102 profie‘
802 1009 892 1095 Esse,
908 1042 967 1100 quo

29 1089 43 1122 “
127 1105 318 1183 iampridem
340 1112 460 1183 pararet,
479 1124 545 1162 eum
567 1124 654 1177 arma,
673 1124 740 1163 eum
762 1123 880 1178 saeuum,
900 1122 966 1160 eum

13 1179 52 1218 ·’“
65 1182 83 1221 “’
127 1185 314 1255 fusmacum
334 1192 348 1244 t
419 1191 513 1257 ,eum
535 1185 618 1262 sigua
638 1184 781 1256 militaria,
800 1203 866 1241 eum
888 1183 969 1260 aqui·

127 1265 186 1323 lam
198 1265 277 1323 illum
291 1284 378 1344 argen
405 1284 464 1336 sm,
476 1264 522 1323 eui
536 1264 583 1322 ille
596 1265 683 1322 etiam
700 1263 852 1322 sacrarium
867 1262 968 1321 domni

129 1365 195 1403 suae
208 1345 323 1418 fecerat,
335 1345 436 1430 seignur
450 1364 510 1402 esse
523 1345 715 1422 praemissam.
759 1348 805 1401 14.
827 1342 862 1400 In
876 1342 969 1401 exsili-

128 1445 178 1482 um
199 1424 355 1496 efficiebam,
371 1442 457 1502 quem
476 1425 534 1482 iam
552 1424 712 1500 ingressum
732 1442 792 1481 esse
811 1423 841 1480 in
860 1422 968 1482 bellum

129 1504 280 1562 videbaml
319 1504 444 1575 Etenim,
456 1503 550 1575 eredo,
562 1503 686 1562 Manlius
699 1503 754 1561 iste
767 1503 905 1575 centurio,
918 1503 969 1580 qui
1057 1517 1081 1534 ¹·

129 1585 160 1642 in
176 1603 245 1661 agro
262 1583 418 1642 Faesulano
437 1589 529 1641 eastra
544 1583 649 1660 posuit,
664 1583 770 1642 bellum
784 1583 895 1664 populo
912 1583 970 1641 Re
1040 1571 1059 1590 ”

129 1683 216 1721 mano
238 1683 290 1721 suo
312 1663 429 1721 nomine
449 1663 563 1735 indixit,
580 1663 678 1728 stilla
698 1670 790 1722 eastra
811 1682 888 1722 nune
909 1681 969 1721 uon

130 1743 284 1802 Catilinam
301 1743 403 1835 dueem
420 1750 586 1835 exspectant
602 1750 631 1801 et
644 1743 691 1836 ille
708 1743 814 1801 eiectus
830 1743 861 1801 in
877 1743 970 1802 exsili·
1044 1775 1061 1832 ς

129 1842 229 1961 pppetse
247 1822 412 1918 ΜΨ,
426 1830 460 1881 ut
478 1829 567 1896 arunt,
581 1841 642 1881 nou
657 1842 688 1884 m
704 1822 774 1882 haee
793 1829 885 1882 eastra
902 1842 970 1920 enn-
1019 1838 1056 2012 j

170 1981 239 2042 VIL
261 1981 288 2042 Ο
304 1983 652 2058 mudieiouemmmemm
667 2001 728 2040 non
744 1982 833 2042 modo
849 1982 971 2041 admini-

130 2063 270 2135 strandae,
289 2083 388 2129 verum
412 2064 499 2122 etiam
526 2063 734 2132 conservandae
758 2063 799 2121 rei
822 2063 969 2142 publicae!
1015 2093 1030 2142 2,-

131 2143 216 2201 Nune
230 2143 254 2202 si
268 2142 299 2202 L
309 2143 434 2202 Catilina
447 2143 580 2216 consiliis,
589 2141 743 2214 [afioribns
752 2143 885 2221 perieulis
898 2143 971 2200 meis
1006 2151 1012 2184 ·'

131 2223 333 2282 circumclusus
353 2243 385 2281 ae
405 2223 570 2283 debilitatus
590 2222 687 2281 subite
706 2224 895 2301 pertimuerit,
910 2242 971 2281 sen·
1009 2253 1025 2296 .·

130 2304 252 2362 tentiam
275 2304 436 2375 mutaverit,
456 2303 612 2362 deseruerit
632 2322 708 2375 suos,
728 2302 879 2361 eonsilium
903 2301 971 2360 belli
1020 2299 1023 2311 ¹

131 2383 257 2442 faciendi
274 2381 415 2454 abiecerit,
429 2402 465 2441 ex
479 2383 536 2441 hoe
555 2401 639 2441 eursu
658 2381 770 2441 sceleris
788 2389 817 2440 et
832 2381 901 2440 belli
916 2382 971 2440 iter

132 2463 170 2522 ad
179 2464 279 2540 fugam
293 2470 378 2539 atque
388 2462 418 2519 in
429 2461 560 2520 exsilium
574 2463 753 2534 converterit,
762 2481 821 2520 uon
832 2461 879 2520 ille
893 2481 911 2520 a
923 2479 971 2518 me

132 2542 271 2620 spoliatus
291 2541 376 2618 armis
396 2541 539 2613 audaciae,
552 2561 612 2599 non
629 2542 845 2620 obstupefactus
861 2561 894 2600 ae
909 2559 973 2620 per·

132 2623 248 2680 territus
261 2617 325 2680 mea
338 2621 495 2698 diligentia,
506 2639 566 2678 non
580 2621 616 2680 de
632 2640 683 2698 spe
699 2629 860 2700 conatuque
874 2619 972 2700 depul-

133 2721 189 2773 sus,
205 2700 255 2760 sed
270 2701 461 2772 indemnatus,
475 2701 614 2759 innocens
629 2701 660 2757 iu
678 2702 810 2760 exsilium
829 2702 937 2760 eiectus
955 2720 973 2758 a

133 2781 249 2839 consule
265 2781 294 2838 vi
310 2786 339 2839 et
354 2781 441 2838 minis
458 2800 518 2840 esse
534 2780 653 2852 dicetur,
668 2788 699 2839 et
714 2789 797 2840 erunt
814 2781 864 2860 qui
880 2781 971 2851 illum,
1073 2804 1075 2812 ·

133 2862 157 2919 si
173 2861 230 2919 hoe
245 2857 425 2932 feeerit‘uon
441 2860 615 2938 improbum,
627 2860 678 2918 sed
693 2843 837 2932 miserum,
848 2880 896 2918 me
912 2879 972 2916 non

133 2941 384 3019 diligentissimum
401 2939 556 3012 consulem,
568 2940 619 2998 sed
635 2939 860 2998 crudelissimum
876 2946 973 3016 tyran·

133 3041 204 3079 num
218 3021 373 3080 existimari
383 3020 488 3078 velintl
525 3025 570 3078 15.
592 3019 649 3088 Est
655 3019 730 3092 andri
743 3020 826 3090 tanti,
837 3019 971 3090 Quirites,

133 3101 219 3160 huius
235 3100 359 3160 invidiae
375 3077 463 3157 fadsae
479 3106 565 3177 atque
581 3099 696 3176 iniquae
712 3105 912 3177 tempestatem
926 3117 976 3188 su·

110 3239 113 3246 r
133 3181 203 3255 bire,
215 3181 285 3242 dum
301 3180 390 3239 modo
404 3198 422 3237 a
434 3178 516 3238 vobis
531 3178 617 3238 huius
633 3177 778 3237 horribilis
793 3177 862 3238 belli
877 3197 911 3238 ae
926 3197 974 3236 ne
