2240 3418
127 125 175 172 210
273 120 344 171 PRO
361 119 457 171 REGE
473 117 658 170 DEIOTARO
675 117 817 170 ORATIO.
903 141 912 160 ·

127 223 266 301 quianon
280 228 377 279 nosset
390 221 435 278 vel
449 221 473 278 si
487 227 592 293 nosset,
605 226 807 278 contemneret
844 224 891 279 24.
905 221 967 281 Ad·

126 303 170 361 dit
187 303 273 360 etiarn
290 301 369 373 illud,
382 301 492 379 equites
508 320 567 358 non
584 301 709 378 optimos
725 300 844 360 misisse.
880 301 967 361 Vete

73 401 78 410 ·
125 402 177 454 res,
190 381 282 453 credo,
295 381 413 439 Caesar:
436 381 508 437 nihil
522 380 560 438 ad
573 387 655 448 tuum
669 381 839 458 equitatum,
851 382 901 440 sed
914 384 966 440 rni-

125 463 163 520 sit
180 481 214 519 ex
227 461 270 532 iis,
283 480 355 538 quos
371 460 481 532 habuit,
493 460 605 518 electos.
647 459 700 518 Ait
714 461 810 520 nescio
828 481 913 540 quem
930 483 965 521 ex

10 593 16 608 ,
125 562 160 600 eo
184 559 303 598 numero
328 559 440 609 servum
460 540 627 598 iudicatum.
669 539 737 598 Nou
761 542 891 615 arbitror,
905 562 964 601 non

125 621 240 679 audivi:
265 619 316 678 sed
332 621 362 677 in
379 639 422 691 eo,
438 620 525 678 etiam
544 620 569 678 si
587 620 744 694 accidisset,
760 621 873 700 culpam
889 623 965 700 regis

35 704 37 708 ’
124 701 232 759 nullam
246 701 335 758 fuisse
348 699 506 758 arbitrarer.

165 780 218 838 IX.
236 779 341 838 Alieno
365 779 462 838 autem
486 799 504 836 a
525 787 554 839 te
579 780 675 838 animo
699 800 756 858 quo
777 781 867 840 modo
889 782 964 840 fuist

125 860 263 938 Speravit,
273 859 367 931 credo,
377 859 507 918 difficiles
520 860 574 919 tibi
585 860 780 920 Alexandreae
793 862 856 920 fore
871 863 965 929 exitus

124 947 242 1018 propter
257 940 408 1016 regionum
422 947 554 999 naturam
571 948 600 999 et
613 941 747 1006 fluminis
789 941 833 1000 At
845 961 880 1000 eo
894 950 965 1002 tern-

124 1038 194 1098 pore
213 1019 276 1097 ipso
292 1019 443 1097 pecuniam
462 1020 551 1093 dedit,
563 1021 718 1082 exercitum
739 1021 818 1094 aluit,
830 1022 865 1094 ei,
878 1041 964 1100 quern

123 1100 211 1158 Asiae
231 1100 415 1178 praefeceras,
430 1100 461 1158 in
481 1100 559 1158 nulla
582 1121 612 1160 re
632 1101 733 1160 defuit.
775 1101 842 1160 Tibi
862 1103 965 1160 victori

61 1195 71 1208 ²
124 1199 184 1238 non
197 1179 290 1238 solum
304 1181 342 1238 ad
356 1181 523 1258 hospitium,
536 1181 586 1239 sed
600 1181 636 1239 ad
649 1181 808 1258 perieulum
822 1182 909 1240 etiam
924 1189 965 1240 at

125 1279 180 1338 que
194 1260 231 1318 ad
244 1261 335 1318 aciem
349 1268 463 1338 praesto
477 1261 541 1319 fuit
584 1267 630 1318 25.
647 1261 782 1319 Secutum
800 1268 843 1320 est
857 1261 966 1320 bellum·

124 1340 304 1398 Africanum.
346 1341 453 1399 Graves
473 1341 509 1398 de
527 1348 556 1398 te
577 1359 720 1398 rumores:
742 1342 793 1419 qui
812 1342 898 1400 etiam
920 1343 966 1400 fuss

124 1421 231 1478 riosum
247 1420 328 1478 illurn
342 1420 498 1478 Caecilium
515 1420 715 1479 excitaverunt.
757 1421 823 1490 Quo
837 1428 900 1480 tum
915 1441 965 1480 rex
1001 1492 1003 1496 y

126 1493 206 1578 [erga
229 1499 271 1578 te]
293 1501 390 1559 animo
410 1501 486 1559 fuitf
511 1501 560 1578 qui
582 1501 762 1559 auctionatus
786 1501 823 1558 sit
847 1511 975 1579 sesequo'

125 1580 245 1657 spoliare
263 1581 395 1638 maluerit
408 1600 494 1658 quarn
508 1581 562 1639 tibi
576 1581 727 1658 pecuniam
741 1600 800 1638 uon
814 1581 966 1638 subminis-

124 1668 206 1718 trare.
248 1660 291 1717 At
311 1680 354 1732 eo,
369 1661 472 1738 inquit,
487 1668 616 1738 ternpore
637 1661 700 1738 ipso
717 1661 852 1718 Nicaeam
871 1661 966 1739 Ephe·

125 1759 245 1817 sumque
255 1740 389 1798 mittebat
400 1741 450 1817 qui
463 1759 590 1798 rumores
599 1739 752 1798 Africanos
763 1741 924 1818 exciperent
935 1747 965 1799 et

124 1820 253 1878 celeriter
271 1820 309 1877 ad
325 1840 355 1878 se
371 1821 517 1879 referrent.
559 1819 661 1898 Itaque
677 1839 743 1878 cum
760 1829 834 1878 esset
850 1821 877 1878 ei
893 1840 965 1890 nun,

123 1900 229 1958 tiatum
240 1899 404 1957 Domitium
415 1900 567 1977 naufragio
577 1901 691 1978 perisse,
701 1907 731 1957 te
742 1900 771 1957 in
786 1899 901 1958 castello
913 1901 965 1958 cir-

124 1979 292 2052 cumsederi,
302 1980 338 2037 de
351 1979 484 2038 Domitio
495 1980 569 2037 dixit
582 1999 695 2038 versum
709 1979 849 2038 Graecum
864 1980 964 2038 eadem

102 2069 104 2073 '
125 2061 275 2132 sententia,
288 2078 344 2139 qua
358 2079 410 2117 nos
423 2058 562 2118 habemus
575 2059 726 2118 Latinum:
962 2123 965 2127 ,

192 2141 317 2198 Pereunt
332 2141 426 2211 amici,
436 2141 507 2196 dam
521 2140 631 2196 inimici
645 2140 895 2198 decantandam
1007 2193 1011 2200 .

124 2220 211 2291 Quod
221 2221 276 2292 ille,
287 2220 310 2277 si
322 2227 395 2278 esset
406 2219 459 2277 tibi
470 2219 692 2292 inimicissimus,
702 2239 859 2298 numquam
867 2227 965 2286 tamen

124 2303 259 2359 dixisset:
281 2301 342 2378 ipse
353 2300 430 2357 enim
444 2307 617 2371 mansuetus,
626 2319 723 2358 versus
737 2300 877 2358 immanis.
908 2300 965 2368 Qui

124 2389 221 2438 autem
242 2376 375 2438 Domitio
395 2385 509 2458 poterat
529 2399 589 2437 esse
613 2379 730 2451 amicus,
746 2380 795 2458 qui
816 2380 870 2437 tibi
891 2387 966 2438 esset

55 2481 57 2486 ·
124 2461 276 2519 inimicust
312 2461 379 2518 Tibi
389 2479 475 2538 porro
489 2459 622 2517 inimicus
636 2478 687 2517 cur
703 2467 784 2530 esset,
796 2479 813 2516 a
827 2479 884 2537 quc
899 2479 965 2517 eum

124 2540 169 2598 vel
184 2539 304 2598 interfici
318 2540 385 2598 belli
398 2540 462 2618 lege
475 2540 624 2617 potuisset,
637 2558 734 2616 regern
747 2547 777 2597 et
790 2559 820 2597 se
835 2546 863 2598 et
873 2539 965 2597 filium

125 2639 208 2678 suum
220 2620 393 2678 constitutos
403 2639 463 2678 esse
477 2619 672 2677 meminisset?
702 2624 748 2676 26.
758 2618 835 2688 Quid
846 2619 966 2676 deindef

124 2700 245 2758 furcifer
266 2697 324 2776 q'uo
344 2700 546 2777 progrediturl
581 2699 635 2757 Ait
651 2698 705 2756 hac
725 2698 835 2756 laetitia
849 2699 966 2756 Deiota·

124 2799 189 2837 rum
204 2779 311 2837 elatum
324 2779 393 2836 vino
409 2799 439 2836 se
457 2779 583 2837 obruisse
600 2779 630 2837 in
649 2779 838 2856 convivioque
855 2779 966 2836 nudum

125 2859 278 2917 saltavisse.
314 2857 394 2927 Quae
407 2877 475 2915 crux
489 2858 556 2916 huie
570 2859 696 2936 fugitivo
709 2866 806 2936 potest
819 2859 887 2916 satis
901 2877 967 2936 sup

125 2938 206 3016 plicii
223 2938 353 2995 adferrel
393 2937 563 2995 Deiotarum
581 2940 730 2996 saltantem
743 2939 900 3016 *quisquam
916 2945 967 2996 aut

126 3018 238 3084 ebrium
256 3017 329 3073 vidit
349 3018 505 3093 umquaml
545 3017 653 3076 Omnes
673 3019 702 3076 in
723 3018 772 3075 illo
789 3025 856 3076 sunt
872 3019 966 3094 regiae

125 3099 254 3168 virtutes,
268 3096 346 3173 quod
362 3103 400 3166 te,
412 3095 523 3168 Caesar,
539 3097 669 3174 ignorare
689 3117 749 3154 non
769 3098 900 3170 arbitror,
916 3096 966 3156 sed

126 3177 278 3253 praecipue
303 3175 453 3252 singularis
475 3184 505 3234 et
526 3177 694 3236 admiranda
716 3177 886 3255 frugalitas:
911 3177 967 3236 etsi
