2262 3418
429 123 509 176 car.
525 117 750 188 11.‚111.,ea‘o.
862 116 867 124 ’
957 119 1007 175 141

166 229 245 287 mois
255 225 289 286 P.
298 224 394 284 Clodii
408 224 483 283 salus
496 231 590 283 vestra
602 225 698 297 fuerit,
708 223 814 284 idcirco
831 243 893 284 eam
908 223 1009 284 virtuti

167 306 286 366 Milonis
299 306 397 384 potius
413 323 499 383 quam
516 305 618 382 populi
631 305 756 363 Romani
769 305 903 363 felicitati
916 305 1009 383 adsig-

167 387 249 445 netis.
293 385 345 444 Sin
362 385 438 442 illius
454 385 574 442 insidiae
591 384 723 442 clariores
739 383 793 442 hac
810 385 872 442 luce
889 385 1007 456 fuerint,

167 475 231 526 tum
245 466 369 543 denique
384 463 538 522 obsecrabo
553 464 774 542 obtestaborque
785 485 844 536 vos,
854 464 972 536 iudices,
985 465 1009 522 si

168 553 261 604 cetera
274 545 430 616 amisimus,
441 544 497 602 hoc
514 543 614 602 saltem
628 544 713 602 nobis
727 551 760 601 ut
773 543 958 622 relinquatur,
970 545 1010 602 vi·

167 633 229 684 tam
243 625 279 683 ab
290 625 473 683 inimicorum
486 623 606 682 audacia
614 623 736 703 telisque
750 630 783 682 ut
793 624 912 702 impune
925 623 1010 683 liceat

168 705 331 764 defendere.

209 785 263 844 ΙΙΙ.
300 785 327 843 t.
343 783 401 843 sed
418 789 484 842 ante
501 803 588 864 quam
605 783 722 842 adeam
739 783 898 842 orationem
915 783 1008 856 venio,

65 883 67 888 ·
169 883 242 942 quae
256 871 299 923 est
309 865 425 942 propria
439 871 547 923 vestrae
562 864 744 942 quaestionis,
754 864 889 922 videntur
902 882 936 921 ea
949 883 1010 922 esse

168 944 329 1016 refutanda,
339 963 412 1022 quae
426 945 499 1002 etin
510 952 611 1003 senatu
624 943 660 1002 ab
674 944 798 1002 inimicis
812 963 896 1022 saepe
906 944 1011 1002 iactata

139 1060 141 1064 -
169 1032 237 1083 sunt
253 1031 282 1082 ct
298 1025 329 1082 in
350 1024 484 1082 contione
505 1025 541 1082 ab
559 1024 699 1102 improbis
720 1030 750 1082 et
768 1023 867 1102 paullo
887 1031 953 1082 ante
974 1023 1010 1080 ab

169 1103 389 1174 accusatoribus,
397 1111 430 1162 ut
441 1105 521 1162 omni
532 1123 625 1162 errore
636 1103 752 1172 sublato
765 1123 826 1162 rem
836 1103 929 1181 plane,
938 1122 1010 1181 quae

169 1185 266 1242 veniat
281 1185 313 1242 in
332 1184 480 1256 iudicium,
493 1185 589 1242 videre
605 1184 729 1262 possitis
772 1183 888 1261 Negant
905 1183 1010 1241 intueri

169 1264 264 1324 lucem
277 1283 338 1323 esse
348 1265 394 1324 fas
407 1265 442 1337 ei,
455 1265 505 1342 qui
519 1284 537 1322 a
550 1284 580 1322 se
593 1264 741 1322 hominem
755 1264 881 1321 occisum
896 1282 956 1320 esse
964 1263 1012 1319 ia·

169 1351 271 1402 tcatnr.
307 1344 342 1401 In
354 1363 411 1423 qua
423 1345 539 1404 tandem
551 1343 621 1402 urbe
634 1344 690 1402 boc
703 1343 835 1401 homines
849 1342 1011 1401 stultissimi

171 1424 338 1502 disputanti
356 1443 462 1502 nempe
483 1425 513 1482 in
534 1444 575 1496 ea,
588 1443 660 1502 quae
675 1423 802 1501 primum
819 1423 957 1481 iudicium
974 1422 1011 1480 de

171 1505 265 1582 capito
283 1504 357 1563 vidit
377 1504 416 1564 M
428 1505 552 1577 Horatii,
564 1504 716 1564 fortissimi
736 1503 798 1576 viri,
811 1504 860 1581 qui
880 1503 1011 1560 nondum
1039 1547 1042 1556 .

171 1583 261 1642 libera
277 1584 392 1643 civitate
408 1592 506 1643 tamen
520 1585 621 1664 populi
634 1584 759 1642 Romani
773 1584 899 1643 comitiis
912 1583 1012 1640 libera-

171 1670 219 1728 tus
235 1671 286 1737 est,
298 1683 365 1723 eum
382 1683 433 1723 sua
447 1683 535 1723 manu
553 1683 679 1724 sororem
696 1684 756 1723 esse
773 1665 955 1723 interfectam
969 1663 1012 1720 fa-

171 1751 287 1803 teretur.
330 1751 357 1803 8.
371 1744 421 1802 An
437 1752 481 1804 eet
497 1745 648 1823 quisquam
665 1745 716 1823 qui
736 1745 792 1803 hoo
807 1745 929 1822 ignoret,
944 1761 1010 1802 cum

172 1824 209 1888 de
229 1824 346 1882 bomine
366 1825 461 1884 occiso
482 1831 641 1904 quaeratur,
653 1832 704 1883 aut
723 1825 821 1903 negari
842 1825 931 1882 solere
952 1842 1012 1881 om·

172 1905 242 1962 nino
263 1924 324 1964 esse
340 1905 450 1964 factum
471 1912 521 1963 aut
536 1912 612 1964 recte
629 1912 659 1964 et
674 1905 736 1963 iure
752 1905 861 1964 iactum
884 1923 944 1962 esse
964 1902 1012 1961 de·

173 1984 272 2043 iendil
312 1984 377 2042 Nisi
393 2003 460 2043 vero
481 1984 651 2043 existimatis
671 1985 834 2043 dementem
855 1984 887 2042 P.
900 1983 1012 2042 Africa·

173 2083 243 2122 num
257 2063 355 2137 fuisse,
367 2065 417 2142 qui
431 2083 497 2122 cum
514 2084 532 2122 a
547 2064 580 2123 Ο.
589 2064 720 2122 Carbone
733 2063 851 2122 tribuno
864 2063 957 2141 plebis
971 2082 1013 2120 se·
1064 2112 1070 2124 .

173 2144 278 2203 ditiosc
293 2145 324 2202 in
344 2145 479 2203 contione
495 2142 804 2223 interrogaretur-quid
820 2143 856 2201 de
872 2143 916 2202 Ti.
926 2142 1013 2200 Grac-

173 2224 221 2283 chi
240 2231 334 2283 morte
355 2225 481 2296 sentiret,
496 2224 676 2302 responderit
695 2225 756 2281 iure
777 2242 891 2281 caesum
911 2222 1009 2280 videri.

173 2304 275 2383 Neque
287 2305 372 2362 'enim
392 2303 491 2382 posset
510 2311 561 2361 aut
576 2303 671 2361 Ahala
690 2303 738 2361 ille
755 2302 890 2361 Servilius
910 2309 961 2360 aut
976 2302 1009 2360 P.

174 2383 278 2442 Nasica
293 2391 344 2442 aut
357 2383 388 2442 L
396 2383 530 2463 Opimius
544 2390 594 2442 aut
607 2383 640 2442 O.
649 2383 756 2440 Marius
772 2389 822 2440 aut
834 2402 882 2440 me
896 2381 1012 2440 consule

174 2471 290 2522 senatus
295 2482 354 2521 non
365 2465 492 2522 nefarius
499 2464 605 2535 haberi,
614 2464 638 2521 si
649 2462 798 2522 sceleratos
806 2462 881 2520 cives
891 2461 1013 2520 interfici

173 2543 255 2602 nefas
265 2550 346 2602 esset.
378 2543 479 2623 Itaque
489 2544 553 2616 hoo,
563 2543 680 2615 iudices,
689 2561 748 2600 non
760 2543 821 2600 sine
831 2537 915 2600 causa
925 2543 1012 2600 etiam

173 2621 248 2681 fictis
263 2623 371 2682 fabulis
386 2624 546 2682 doctissimi
561 2623 694 2682 homines
709 2623 865 2681 memoriae
881 2622 1013 2701 prodide-

173 2709 249 2775 runt,
261 2723 336 2775 eum,
349 2703 398 2780 qui
414 2704 504 2782 patris
520 2703 676 2762 ulciscendi
692 2723 778 2761 causa
794 2710 916 2761 matrem
933 2720 1014 2760 neca·

173 2781 269 2854 visset,
277 2783 392 2842 variatis
404 2783 556 2842 bominum
571 2784 720 2843 sententiis
733 2802 791 2841 non
803 2783 896 2840 solum
907 2782 1011 2853 divina,

174 2862 225 2920 sed
245 2863 332 2920 etiarn
352 2863 578 2941 sapientissimae
599 2864 669 2922 deae
689 2863 833 2922 sententia
851 2863 1011 2920 liberatum.

175 2947 201 3020 9.
217 2941 303 3012 Quod
317 2943 341 3000 si
356 2942 508 3001 duodecim
522 2943 635 3002 tabulae
649 2950 822 3001 nocturnum
836 2943 931 3000 furem
945 2959 1015 3018 quo-

175 3041 233 3100 quo
249 3022 346 3095 modo,
358 3023 494 3080 diurnum
511 3030 615 3093 autem,
627 3023 652 3080 si
668 3043 698 3081 se
711 3023 771 3080 telo
785 3021 960 3090 defenderet,
971 3021 1014 3078 in·

146 3135 150 3146 ·
174 3102 265 3160 ter-fici
278 3103 397 3181 impune
410 3101 570 3172 voluerunt,
583 3102 647 3181 quis
663 3109 706 3160 est
723 3103 781 3179 qui,
794 3119 911 3179 quoquo
924 3099 1014 3157 modo

175 3182 239 3260 quis
259 3181 428 3242 interfectus
449 3183 496 3256 sit,
509 3179 703 3259 poeniendum
725 3188 817 3260 putet,
832 3200 898 3240 cum
919 3179 1017 3238 videat
