2240 3418
80 115 85 126 '
134 112 183 160 926
215 109 256 159 ΙΝ
273 107 310 159 M.
324 107 518 160 ANTONIUM
536 107 671 160 ORATIO
687 108 901 174 PHILIPPICA
916 111 939 161 I.

134 209 211 268 enim
220 207 307 266 hodie
316 207 396 266 ouius
404 207 517 266 intersit
525 208 610 266 istam
620 207 712 285 legem
723 210 854 268 maneret
881 209 978 269 Nemo

134 307 199 346 reus
215 294 259 345 est
274 287 387 366 legibus
402 287 467 360 illis,
479 307 565 345 nemo
582 307 667 366 quem
684 288 816 346 futurum
832 296 975 367 putemus.

134 367 234 426 Armis
254 367 330 425 enim
353 375 436 446 gesta
455 372 612 447 numquam
633 369 765 446 profecto
785 369 816 426 in
837 369 977 427 iudicium

134 447 320 506 vocabuntur.
358 447 401 505 nt
414 467 458 506 res
472 448 625 526 popularis.
661 447 783 506 Utinam
798 448 914 527 quidem
928 449 978 506 ali-

136 528 206 606 quid
220 527 330 585 vclletis
346 547 406 586 esse
419 528 574 606 populare!
615 527 724 587 Omnes
738 529 814 586 enim
830 528 887 586 iam
902 529 978 586 cives

136 608 172 666 de
188 608 230 666 rei
246 607 377 686 publicae
394 607 485 666 salute
501 627 559 666 una
574 614 604 665 et
619 614 717 666 mente
733 614 763 666 et
775 627 846 666 voce
860 627 979 666 consen·

135 688 220 746 tiunt.
256 687 336 757 Quae
357 694 401 746 est
418 687 508 765 igitur
527 687 583 745 ista
602 687 746 765 cupiditas
766 687 836 765 legis
856 687 919 745 eius
937 688 979 745 fe

136 767 249 839 rendae,
261 786 333 845 quae
349 766 558 846 turpitudinem
576 786 718 825 summam
731 766 844 839 habeat,
855 767 979 844 gratiam

136 847 264 905 nullam?
303 845 381 915 Quid
401 847 479 923 enirn
499 847 611 924 turpius
628 866 714 925 quam
732 847 781 926 qui
793 841 979 904 'maiestatem

136 927 238 1005 populi
258 926 382 984 Romani
404 926 540 984 minuerit
564 945 615 1004 per
634 927 702 998 vim,
720 945 786 985 eum
811 926 980 984 damnatum

137 1006 245 1064 iudicio
264 1005 302 1063 ad
317 1025 381 1064 earn
397 1006 491 1084 ipsam
504 1006 563 1064 vim
579 1007 691 1078 reverti,
703 1013 822 1084 propter
838 1025 924 1083 quam
942 1007 981 1063 sit

135 1086 199 1159 iure
213 1085 383 1144 damnatusl
418 1092 464 1144 22.
477 1085 535 1144 Sed
546 1086 616 1164 quid
626 1085 708 1164 plura
720 1086 758 1144 de
767 1085 831 1164 lege
844 1085 980 1163 disputol

139 1166 300 1244 quasivero
314 1165 345 1224 id
358 1172 460 1244 agatur
473 1172 506 1224 ut
520 1167 670 1244 quisquam
685 1173 829 1243 provocet.
872 1165 908 1222 Id
921 1165 981 1242 agi-

135 1253 194 1318 tur,
205 1246 237 1303 id
253 1246 352 1318 fertur,
363 1265 400 1317 ne
418 1245 482 1323 quis
498 1245 624 1317 omnino,
635 1264 773 1323 umquam
789 1245 852 1303 istis
868 1245 981 1323 legibus

135 1345 203 1384 reus
217 1325 274 1383 fiat
312 1325 384 1395 Quis
401 1326 478 1384 enim
492 1332 542 1383 aut
555 1332 702 1383 accusator
714 1331 775 1382 tam
791 1345 889 1382 amens
903 1343 982 1402 repe·

138 1406 228 1464 rietur
242 1405 291 1484 qui
304 1424 354 1463 reo
368 1405 559 1464 condemnato
573 1405 661 1463 obiici
675 1424 704 1462 se
717 1404 899 1462 multitudini
915 1423 982 1462 con·

139 1486 242 1544 ductae
263 1485 333 1543 velit
354 1491 405 1543 aut
428 1485 514 1542 iudex
537 1484 587 1562 qui
610 1503 691 1542 reum
711 1484 847 1542 damuare
867 1483 979 1556 audeat,

139 1572 173 1623 ut
190 1565 251 1643 ipse
267 1565 305 1622 ad
322 1584 422 1643 operas
440 1564 647 1622 mercennarias
668 1564 766 1622 statim
782 1563 981 1641 protrahaturl

135 1644 208 1703 Non
224 1645 314 1722 igitur
323 1645 490 1723 provocatio
503 1645 559 1702 ista
572 1644 635 1722 lege
649 1643 741 1716 datur,
754 1644 804 1701 sed
818 1643 891 1702 duae
903 1663 982 1700 max·

139 1725 198 1784 ime
218 1724 354 1781 salutares
370 1723 447 1801 leges
458 1724 701 1802 quaestionesque
716 1723 864 1800 tolluntur.
903 1721 981 1792 Quid

138 1811 184 1862 est
197 1803 277 1862 aliud
289 1802 435 1862 adhortari
449 1804 651 1876 adolescentes,
663 1809 696 1861 nt
712 1803 879 1875 turbulenti,
891 1809 924 1860 ut
941 1823 982 1860 se·

136 1884 246 1955 ditioni,
259 1889 292 1940 ut
305 1883 459 1960 perniciosi
472 1883 548 1940 cives
563 1883 651 1941 velint
664 1884 743 1941 essel
777 1881 870 1951 Quam
884 1889 981 1940 autem

104 2031 108 2040 Α
136 1963 179 2022 ad
193 1969 305 2041 pestem
324 1962 407 2020 furor
422 1961 592 2020 tribunicius
612 1962 722 2040 impelli
737 1980 796 2019 uon
813 1962 921 2040 poterit
936 1961 982 2019 his

141 2043 251 2102 duabus
272 2041 487 2121 quaestionibus
508 2042 544 2100 de
568 2043 597 2099 vi
617 2048 646 2099 et
666 2042 824 2100 maiestatis
844 2040 982 2099 sublatis?

135 2130 188 2182 ἲ23.
204 2123 290 2196 Quid,
303 2122 382 2201 quod
398 2121 554 2199 obrogatur
572 2121 683 2199 legibus
703 2120 839 2192 Caesaris,
853 2140 924 2198 quae
941 2121 983 2179 iu·

141 2202 211 2262 bent
225 2204 259 2276 ei,
272 2205 321 2282 qui
338 2203 375 2262 de
391 2203 428 2274 vi,
441 2202 567 2279 itemque
581 2203 616 2273 ei,
629 2202 679 2280 qui
695 2201 853 2259 maiestatis
866 2201 982 2258 damna-

141 2289 189 2340 tus
205 2284 250 2354 sit,
262 2302 337 2361 aqua
352 2289 382 2341 et
397 2282 460 2361 igni
476 2281 626 2340 interdicit
648 2281 752 2359 quibus
768 2299 834 2338 cum
848 2299 983 2358 provoca-

142 2363 184 2420 tio
205 2363 296 2434 datur,
308 2381 404 2421 nonne
425 2368 488 2420 acta
504 2360 633 2420 Caesaris
648 2361 866 2419 rescinduntur?
902 2358 982 2428 Quae

143 2442 259 2521 quidem
273 2461 336 2520 ego,
347 2449 442 2520 patres
456 2441 618 2520 conscripti,
630 2441 679 2519 qui
693 2441 741 2498 illa
751 2459 908 2518 numquam
918 2459 984 2517 pro-

142 2521 216 2593 bavi,
231 2528 327 2580 tamen
348 2523 390 2579 ita
405 2521 598 2580 conservanda
618 2521 787 2579 concordiae
807 2539 892 2578 causa
911 2519 984 2576 arbi·

142 2608 234 2659 tratus
254 2621 326 2673 sum,
341 2607 374 2658 ut
394 2621 453 2659 uon
473 2601 570 2673 mode,
587 2621 657 2680 quas
678 2600 759 2658 vivus
779 2599 857 2677 leges
879 2599 984 2657 Caesar

142 2681 263 2752 tulisset,
278 2680 462 2738 infirmandas
477 2680 534 2738 hoc
550 2688 680 2759 tempore
700 2699 759 2738 uon
776 2686 916 2758 putarem,
932 2679 984 2736 sed

143 2779 179 2818 ne
196 2760 258 2817 illas
275 2760 399 2838 quidem,
412 2779 482 2838 quas
497 2767 702 2839 postmortem
716 2759 845 2818 Caesaris
858 2758 984 2837 prolatas

143 2857 204 2896 esse
218 2844 247 2896 et
260 2838 330 2896 fixas
345 2839 456 2897 videtis.
689 2861 690 2864 ¹
766 2873 778 2888 ·

183 2917 221 2975 X
254 2922 300 2975 24.
316 2917 361 2975 De
372 2917 471 2975 exsilio
487 2918 598 2976 reducti
615 2937 632 2976 1
647 2925 780 2977 mortuo:
802 2919 903 2976 civitas
916 2917 986 2976 data

144 3015 203 3054 non
219 2995 312 3054 solum
329 2997 456 3073 singulis,
468 2997 519 3054 sed
532 2998 697 3056 nationibus
711 3005 740 3056 et
753 2998 908 3076 provinciis
922 2998 986 3056 uni-

144 3075 231 3131 versis
244 3093 262 3132 a
273 3082 404 3133 mortuo:
426 3076 657 3134 immunitatibus
666 3077 787 3136 infinitis
801 3077 913 3136 sublata
922 3097 986 3135 vec-

144 3152 244 3228 tigalia
253 3171 270 3210 a
280 3160 402 3212 mortuo.
438 3153 515 3230 Ergo
529 3154 598 3212 haec
609 3175 677 3228 uno,
688 3175 787 3224 rerum
798 3157 912 3234 optimo
920 3176 986 3216 auc-
