2262 3412
132 133 167 181 ·10
242 131 293 181 DE
309 128 462 181 IMPERIO
479 129 534 179 CN.
548 127 701 179 POMPEII
718 127 861 180 ORATIO.

135 237 168 288 ut
181 229 217 287 iis
233 248 338 287 nomen
354 229 448 306 regale
464 247 602 307 magnum
618 234 647 286 et
661 229 791 286 sanetum
805 228 866 286 esse
879 227 973 286 videa·

134 317 189 367 tur.
232 315 278 366 25.
294 308 395 386 Itaque
411 315 525 366 tantum
538 309 630 379 victus
646 307 755 365 efficere
768 309 874 385 potuit,
886 326 974 384 quan·

134 396 197 447 turn
222 387 373 446 incolumis
396 407 553 464 numquam
577 394 621 445 est
641 407 726 445 ausus
747 394 854 464 optare.
897 387 973 444 Nam

136 488 201 526 curn
216 487 245 525 se
259 468 290 524 in
306 486 426 545 regnum
443 486 526 525 suum
540 467 699 544 recepisset,
711 485 770 524 non
784 466 842 524 fuit
856 485 890 524 eo
908 485 974 524 con-

135 555 240 618 tentus,
253 547 331 624 quod
344 547 371 604 ei
384 553 497 625 praeter
510 566 590 624 spem
604 545 752 618 acciderat,
764 553 797 603 ut
810 545 898 617 illam,
910 565 974 623 pos·

134 635 182 685 tea
196 647 281 704 quarn
292 627 390 705 pulsus
403 633 472 698 erat,
481 633 585 684 terram
599 645 736 702 umquam
750 626 912 702 attingeret,
923 624 974 683 sed

135 707 166 765 in
183 707 338 764 exercitum
358 713 487 764 nostrum
504 705 611 764 clarum
628 712 713 782 atque
727 705 865 763 victorem
885 705 974 783 impe·

135 794 199 844 turn
219 785 297 844 fecit.
340 785 432 844 Sinite
455 784 511 843 hoc
532 785 605 855 loco,
623 783 756 856 Quirites,
775 785 848 842 sieut
868 791 973 863 poetae

78 919 81 924 .
136 865 237 937 solent,
253 865 302 942 qui
318 884 363 922 res
376 865 520 922 Romanas
534 864 669 934 scribunt,
684 864 841 942 praeterire
848 884 896 922 me
910 883 974 921 nos·

135 952 210 1002 tram
226 943 425 1016 calamitatem,
440 963 513 1022 quae
533 951 615 1001 tanta
629 943 695 1014 fuit,
710 950 744 1000 ut
760 963 822 1001 eam
839 943 876 1000 ad
892 963 974 1002 aures

136 1024 167 1082 L.
178 1024 289 1083 Luculli
302 1024 482 1101 imperatoris
496 1043 555 1083 non
569 1043 603 1082 ex
613 1023 723 1102 proelio
737 1023 864 1095 nuntius,
877 1023 928 1081 sed
938 1043 973 1081 ex

136 1123 265 1163 sermone
281 1123 380 1163 rumor
395 1104 528 1162 adferret.
571 1109 617 1162 26.
633 1103 692 1162 Hic
708 1103 738 1161 in
754 1103 805 1160 illo
819 1103 883 1180 ipso
895 1103 973 1161 malo

136 1184 357 1262 graussimaque
370 1183 437 1242 belli
451 1184 609 1242 offensione
620 1182 651 1241 L
662 1182 802 1254 Lucullus,
813 1183 863 1260 qui
876 1190 973 1240 tamen

136 1263 231 1342 aliqua
246 1283 281 1322 ex
297 1271 378 1342 parte
393 1264 429 1321 iis
445 1263 637 1322 incommodis
656 1263 765 1321 mederi
785 1264 906 1321 fortasse
923 1282 975 1341 po-

136 1344 245 1417 tuisset,
257 1350 351 1401 vestro
372 1343 450 1402 iussu
466 1350 590 1415 coactus,
606 1342 684 1419 quod
700 1342 813 1419 imperii
834 1341 974 1400 diuturni·

136 1423 191 1481 tati
206 1424 325 1481 modum
346 1416 529 1480 statuenduni
546 1429 640 1480 vetere
661 1422 792 1499 exemplo
813 1421 973 1498 putavistis,

136 1510 248 1581 partem
266 1503 401 1570 militum,
420 1502 469 1578 qui
489 1503 547 1560 iam
567 1499 718 1579 stipendiis
737 1501 864 1560 confecti
884 1509 973 1573 erant,

137 1582 255 1654 dimisit,
266 1589 377 1659 partem
393 1580 442 1639 Μ’.
454 1581 603 1639 Glabrioni
619 1577 745 1639 tradidit.
788 1580 881 1637 Multa
896 1600 975 1658 prae·
995 1573 998 1580 ’

137 1668 214 1720 tereo
226 1661 364 1733 consulto,
376 1660 427 1718 sed
437 1679 531 1718 eavea
544 1659 707 1718 coniectura
716 1659 877 1736 perspicite,
889 1679 976 1736 quan-

136 1749 200 1800 tum
220 1741 292 1799 illud
311 1740 417 1798 bellum
438 1740 547 1797 factum
568 1739 684 1817 putetis,
700 1738 779 1816 quod
797 1738 975 1815 coniungant

136 1840 217 1898 reges
233 1819 434 1897 potentissimi,
445 1826 583 1876 renovent
598 1819 722 1895 agitatae
738 1817 877 1889 nationes,
890 1818 976 1876 susci-

137 1901 219 1978 piant
236 1901 363 1977 integrae
381 1906 489 1976 gentes,
504 1917 595 1955 novus
613 1898 770 1974 imperator
789 1904 887 1954 noster
905 1897 976 1956 acci·

136 1980 198 2057 piat
208 1986 302 2037 vetere
313 1979 437 2037 exercitu
450 1977 542 2055 pulso.
577 1977 615 2035 X.
644 1977 691 2034 27.
707 1976 784 2034 Satis
797 1977 871 2034 mihi
883 1978 976 2036 multa

40 2114 42 2118 .
137 2058 223 2117 verba
238 2058 339 2116 fecisse
356 2058 462 2129 videor,
474 2076 531 2134 qua
546 2076 576 2114 re
592 2063 666 2114 esset
678 2056 735 2114 hoc
748 2056 855 2115 bellum
872 2076 975 2135 genere

137 2139 201 2216 ipso
221 2137 418 2209 necessarium,
433 2136 632 2213 magnitudine
653 2136 863 2214 periculosum:
887 2142 976 2196 restat
1017 2173 1033 2198 ο

138 2226 170 2276 ut
180 2217 217 2276 de
230 2218 401 2294 imperatore
415 2216 452 2273 ad
462 2215 493 2272 id
503 2215 610 2275 bellum
620 2216 773 2295 deligendo
787 2236 820 2275 ac
832 2217 922 2275 tantis
935 2235 976 2274 re·

137 2299 192 2356 bus
205 2295 394 2375 praeficiendo
409 2295 562 2355 dicendum
576 2312 636 2355 esse
650 2297 787 2357 videatur.

178 2377 308 2448 Utinam,
321 2374 454 2447 Quirites,
465 2375 591 2434 virorum
605 2377 726 2436 fortium
740 2384 826 2454 atque
842 2377 977 2433 innocen-

137 2458 211 2516 tium
229 2455 341 2533 copiam
356 2462 465 2514 tantam
480 2455 630 2529 haberetis,
642 2463 676 2514 ut
689 2457 759 2517 haec
773 2455 855 2514 vobis
872 2454 977 2512 delibe-

137 2538 211 2596 ratio
226 2534 349 2595 difficilis
365 2542 447 2607 esset,
464 2555 616 2612 quemnam
633 2537 816 2614 potissimum
830 2535 920 2593 tantis
936 2553 977 2591 re·

137 2617 192 2674 bus
212 2635 245 2673 ac
265 2621 347 2672 tanto
363 2614 439 2673 bello
455 2615 676 2693 praeficiendum
693 2615 849 2693 putaretisl
890 2613 976 2671 Nune

137 2716 205 2753 vero
229 2715 295 2754 oum
319 2695 357 2753 sit
380 2715 454 2753 unus
478 2694 530 2753 Cn.
545 2695 711 2773 Pompeius,
732 2695 781 2772 qui
805 2713 864 2752 non
887 2693 976 2750 modo

138 2793 238 2833 eorum
253 2775 413 2849 hominum,
426 2775 476 2854 qui
494 2793 570 2832 nuuc
587 2782 662 2846 sunt,
677 2774 806 2851 gloriam,
822 2772 873 2831 sed
889 2772 977 2830 etiam

139 2855 317 2933 antiquitatis
330 2856 499 2914 memoriam
510 2854 615 2912 virtrue
630 2853 777 2930 superarit,
790 2871 861 2930 quae
875 2871 920 2909 res
933 2857 977 2908 est

139 2953 210 3011 quae
221 2937 388 3014 cuiusquam
398 2937 526 2994 animum
541 2934 571 2990 in
585 2933 638 2991 hac
652 2952 736 2990 eausa
749 2932 869 2989 dubium
883 2931 977 2988 facere

138 3017 247 3092 possiti
288 3023 334 3075 28.
352 3017 416 3095 Ego
437 3016 515 3074 enim
532 3014 572 3072 sic
593 3012 734 3083 existimo,
749 3011 779 3067 in
796 3029 909 3067 summo
925 3010 978 3066 im·

138 3105 267 3173 peratore
284 3105 420 3176 quattuor
435 3096 488 3153 has
504 3113 548 3152 res
565 3093 658 3150 inesse
676 3097 815 3168 oportere,
828 3089 976 3146 scientiam

139 3178 178 3236 rei
186 3179 326 3251 militaris,
334 3177 479 3248 virtutem,
487 3171 696 3246 auctoritatem,
704 3169 879 3244 felicitatem.
905 3167 977 3252 Quis
