2262 3412
121 113 154 162 82
291 109 331 160 m
346 110 382 161 L.
391 107 595 160 CATILINAM
611 107 744 160 ORATIO
760 108 784 159 1

121 213 259 293 petitores
274 217 340 270 tuos
356 210 513 269 interficere
529 209 643 268 voluist’
622 216 653 283 tr,
668 208 823 302 compressi
839 217 960 272 conatus

121 300 187 351 tuos
200 292 325 350 nefarios
341 291 497 349 amicorum
511 289 654 367 praesidio
668 297 697 348 et
710 290 809 367 copiis,
821 290 902 349 nullo
915 299 959 350 tu-

120 371 214 430 multu
234 371 347 463 publice
368 371 528 428 concitato:
553 369 684 447 denique,
703 369 959 449 quotienscumque

119 471 167 510 me
183 451 288 542 petisti,
304 469 356 527 per
370 469 417 508 me
438 449 492 506 tibi
511 448 619 520 obstiti,
588 456 808 527 tquamquam
825 449 957 508 videbam

119 531 274 622 perniciem
287 547 382 587 meam
396 548 462 587 cum
478 548 583 606 magna
599 528 758 586 calamitate
772 548 813 586 rer
804 528 957 606 publicae

119 610 475 668 csseconirmctam.12
494 608 602 674 Nunc'
595 627 652 665 ram
673 614 769 685 aperte
790 627 850 666 rem
866 608 958 685 publi·

119 708 182 747 eam
195 689 356 746 universam
372 689 464 765 petis:
485 686 596 780 templa
608 687 727 746 deornm
741 687 955 760 immortalium,

118 757 194 826 tecta
214 767 299 839 urbis,
315 767 404 825 vitam
422 767 552 824 omnium
573 767 687 838 civium,
699 765 811 824 ltaliam
833 767 957 844 denique

118 854 210 922 totam
223 848 261 905 ad
274 847 395 905 exitium
408 865 441 904 ac
454 847 616 914 vastitatem
630 865 722 904 vocas
765 845 829 914 Qua
841 865 871 904 re
871 865 957 938 ”quo-

118 928 195 984 niam
209 927 240 984 id
241 927 337 1005 ,quod
350 933 394 984 est
407 927 532 1003 primum
546 945 562 983 e
563 925 665 1018 tquod
678 925 785 990 huius
777 926 890 1003 imperir
882 925 958 983 'dis-

118 1006 295 1084 ciplinaeque
315 1006 456 1063 maiorum
476 1005 625 1082 proprium
646 1013 697 1077 est,
713 1005 808 1064 facere
826 1003 956 1064 nondum

117 1086 217 1157 audeo,
232 1085 337 1144 faciam
355 1084 394 1156 id,
407 1085 485 1162 quod
504 1091 547 1143 est
565 1085 602 1142 ad
621 1085 800 1143 severitatem
817 1084 909 1142 leuius
927 1092 957 1143 ιι

116 1161 166 1223 ad
170 1183 352 1224 communem
372 1163 492 1222 salutem
508 1164 614 1223 utilius
653 1164 770 1222 Nam
749 1183 773 1222 ιι
789 1171 818 1223 ιι
834 1163 956 1222 interfici

116 1245 231 1317 iussero,
244 1245 400 1304 residebit'
393 1263 423 1302 ιιι
440 1263 470 1302 ιι
486 1244 602 1322 publiea
617 1244 727 1322 reliqua
742 1244 955 1304 coniuratorum

115 1344 224 1383 manus.
264 1324 319 1382 sin
333 1332 374 1397 tu,
390 1324 469 1402 quod
482 1325 532 1382 te
525 1343 582 1381 ram
599 1323 710 1383 dudum
724 1324 832 1397 hortor,
845 1325 954 1397 exieris,

116 1404 297 1463 exhaurietur
311 1424 346 1461 ιι
362 1404 432 1462 urbe
446 1411 562 1461 tuomm
580 1405 718 1462 comitum
732 1423 839 1482 magna
851 1411 881 1462 et
894 1424 958 1482 per-

115 1484 223 1541 niciosa
236 1484 348 1542 sentina
362 1484 401 1542 ιιι
416 1484 554 1562 publicae.
593 1490 638 1542 13.
654 1483 732 1552 Quid
746 1491 797 1555 est,
813 1483 955 1542 Catilinal

115 1582 185 1620 num
202 1563 317 1621 dubitas
333 1563 364 1620 id
380 1564 539 1641 imperante
558 1583 606 1622 me
622 1564 723 1635 facere,
736 1564 815 1641 quod
831 1564 889 1621 iam
905 1571 957 1622 tua

115 1649 217 1720 sponte
226 1643 371 1701 faciebasl
403 1643 489 1701 Exire
503 1663 538 1701 ιι
552 1642 621 1701 urbe
633 1643 712 1702 iubet
722 1643 953 1708 consulhostem.

115 1721 279 1799 interrogas
293 1742 348 1794 me,
361 1742 431 1780 num
448 1723 478 1780 ιιι
495 1722 645 1780 exsiliuml
685 1723 754 1780 Non
770 1723 873 1781 iubeo:
895 1723 953 1796 sed,

115 1801 139 1858 si
152 1821 199 1860 me
213 1802 345 1873 consulis,
356 1803 469 1860 suadeo.
506 1802 558 1860 VI.
574 1802 652 1870 Quid
666 1809 709 1860 est
723 1803 808 1874 enim,
821 1803 953 1875 Catilina,

115 1881 194 1958 quod
215 1888 244 1939 te
266 1882 324 1939 iarn
344 1883 374 1940 in
393 1882 446 1939 hac
469 1879 538 1939 urbe
559 1881 698 1940 delectare
718 1883 828 1960 possiti
849 1883 879 1940 in
899 1902 955 1960 qua

114 1979 200 2018 nemo
215 1968 257 2018 est
273 1969 353 2019 extra
369 1962 452 2019 istam
470 1962 697 2019 coniurationem
713 1963 891 2040 perditorum
904 1963 957 2020 h0··

114 2040 226 2098 minum
249 2041 298 2118 qui
322 2049 351 2098 te
373 2060 432 2098 non
453 2048 572 2112 metuat,
590 2060 675 2098 nemo
699 2042 748 2118 qui
769 2060 830 2098 non
852 2042 952 2099 oderit

114 2118 194 2188 Quae
213 2127 283 2177 nota
298 2121 471 2179 domesticae
487 2121 675 2198 turpitudinis
693 2139 752 2177 non
769 2120 864 2178 inusta
879 2121 954 2178 vitae

114 2205 180 2256 tuae
194 2201 255 2258 esti
288 2198 374 2268 Quod
384 2201 558 2276 privatarum
572 2219 667 2273 rerum
681 2199 804 2258 dedecus
818 2219 876 2257 non
890 2199 955 2258 bee-

113 2285 157 2336 ret
173 2278 328 2336 infamiae?
349 2299 421 2357 quae
437 2279 528 2337 libido
546 2278 583 2337 ab
603 2278 700 2351 oculis,
713 2279 955 2356 quod·faeinusa
1002 2279 1005 2284 ’

113 2358 246 2415 manibus
257 2377 393 2434 umquam
404 2359 470 2430 tuis,
483 2359 561 2436 quod
571 2357 712 2435 flagitium
720 2378 744 2416 a
757 2365 821 2416 toto
835 2378 953 2435 corpore

114 2437 207 2494 afuit?
248 2436 304 2494 Oui
324 2444 357 2494 ιιι
380 2436 600 2508 adolescentulo,
619 2457 705 2515 quem
728 2438 953 2514 corruptelarum

113 2515 253 2573 illecebris
270 2517 415 2586 irretisses,
426 2536 486 2573 nou
502 2524 552 2573 aut
566 2517 603 2574 ad
619 2517 767 2574 audaciam
781 2517 889 2574 ferrum
903 2523 954 2574 aut

112 2595 408 2672 adlibidincmiacem
417 2595 593 2672 praetulistil
623 2601 668 2654 14.
677 2595 754 2664 Quid
763 2597 847 2654 ιιιοι
862 2615 954 2672 nuper

113 2693 179 2731 cum
199 2681 293 2732 morte
313 2674 466 2752 superioris
486 2675 583 2732 uxoris
603 2676 685 2732 novis
705 2675 814 2752 nuptiis
832 2674 953 2732 domum

113 2754 325 2824 vacuefecisses,
335 2773 431 2811 nonne
442 2753 528 2811 etiam
542 2753 598 2810 alio
612 2753 772 2811 incredibili
783 2754 886 2812 scelere
897 2754 953 2810 hoc

113 2833 204 2890 scelus
224 2833 393 2891 cumulasti?
418 2832 497 2910 quod
517 2851 572 2909 ego
595 2834 792 2910 praetermitto
816 2840 845 2891 et
868 2832 953 2890 facile

112 2913 208 2989 patior
224 2912 310 2984 sileri,
320 2932 356 2969 ne
372 2912 402 2969 in
417 2911 469 2969 hac
486 2911 602 2969 civitate
618 2912 691 2968 tanti
705 2913 840 2969 facinoris
853 2913 954 2968 imma·

112 2992 187 3048 nitas
203 2999 254 3050 aut
270 2992 411 3050 exstitisse
427 2998 552 3048 autnon
574 2990 717 3047 vindicata
737 3009 797 3048 esse
813 2991 950 3049 videatur.

113 3071 315 3129 Praetermitto
329 3071 426 3128 urinas
438 3071 621 3127 fortunarum
635 3076 756 3139 tuarum,
770 3088 839 3146 quas
853 3089 954 3132 omues

113 3150 277 3227 impendere
287 3150 341 3208 tibi
351 3149 491 3228 proximis
501 3147 602 3206 Idibus
613 3149 733 3206 senties:
751 3148 789 3206 ad
799 3148 847 3206 illa
858 3149 951 3221 venio,
