<?xml version="1.0" encoding="UTF-8"?>
<!DOCTYPE html PUBLIC "-//W3C//DTD XHTML 1.0 Transitional//EN"
    "http://www.w3.org/TR/xhtml1/DTD/xhtml1-transitional.dtd">
<html xmlns="http://www.w3.org/1999/xhtml" xml:lang="en" lang="en">
 <head>
  <title>
</title>
<meta http-equiv="Content-Type" content="text/html;charset=utf-8" />
  <meta name='ocr-system' content='tesseract 3.04.00' />
  <meta name='ocr-capabilities' content='ocr_page ocr_carea ocr_par ocr_line ocrx_word'/>
</head>
<body>
  <div class='ocr_page' id='page_1' title='image "./mtulliiciceroni99cicegoog/mtulliiciceroni99cicegoog_0277.png"; bbox 0 0 2240 3418; ppageno 0'>
   <div class='ocr_carea' id='block_1_1' title="bbox 106 83 984 183">
    <p class='ocr_par' dir='ltr' id='par_1_1' title="bbox 106 83 984 183">
     <span class='ocr_line' id='line_1_1' title="bbox 106 83 984 183; baseline 0.008 -19"><span class='ocrx_word' id='word_1_1' title='bbox 106 83 110 92; x_wconf 78' lang='grc'><strong>’</strong></span> <span class='ocrx_word' id='word_1_2' title='bbox 288 107 679 183; x_wconf 59' lang='lat' dir='ltr'><strong>osr.xxxv11.&#39;-xxx1x.,</strong></span> <span class='ocrx_word' id='word_1_3' title='bbox 697 116 824 179; x_wconf 65' lang='lat' dir='ltr'><strong>§aaron</strong></span> <span class='ocrx_word' id='word_1_4' title='bbox 935 119 984 172; x_wconf 78' lang='grc' dir='ltr'><strong>ιιι</strong></span> 
     </span>
    </p>
   </div>
   <div class='ocr_carea' id='block_1_2' title="bbox 72 220 985 618">
    <p class='ocr_par' dir='ltr' id='par_1_2' title="bbox 72 220 985 618">
     <span class='ocr_line' id='line_1_2' title="bbox 123 220 985 300; baseline 0.001 -19"><span class='ocrx_word' id='word_1_5' title='bbox 123 263 125 268; x_wconf 69' lang='lat'><strong>,</strong></span> <span class='ocrx_word' id='word_1_6' title='bbox 144 223 223 281; x_wconf 76' lang='lat' dir='ltr'><strong>busa</strong></span> <span class='ocrx_word' id='word_1_7' title='bbox 265 221 367 299; x_wconf 86' lang='lat' dir='ltr'>Neque</span> <span class='ocrx_word' id='word_1_8' title='bbox 381 221 458 279; x_wconf 90' lang='lat' dir='ltr'><strong>enim</strong></span> <span class='ocrx_word' id='word_1_9' title='bbox 472 220 537 298; x_wconf 93' lang='lat' dir='ltr'><strong>plus</strong></span> <span class='ocrx_word' id='word_1_10' title='bbox 552 240 638 299; x_wconf 89' lang='lat' dir='ltr'><strong>quam</strong></span> <span class='ocrx_word' id='word_1_11' title='bbox 652 228 710 279; x_wconf 87' lang='lat' dir='ltr'><strong>tres</strong></span> <span class='ocrx_word' id='word_1_12' title='bbox 726 229 776 279; x_wconf 85' lang='lat' dir='ltr'><strong>aut</strong></span> <span class='ocrx_word' id='word_1_13' title='bbox 793 229 929 300; x_wconf 87' lang='lat' dir='ltr'><strong>quattuor</strong></span> <span class='ocrx_word' id='word_1_14' title='bbox 944 237 985 282; x_wconf 62' lang='lat' dir='ltr'><strong>ress</strong></span> 
     </span>
     <span class='ocr_line' id='line_1_3' title="bbox 72 300 985 380; baseline 0.007 -24"><span class='ocrx_word' id='word_1_15' title='bbox 72 345 77 356; x_wconf 88' lang='lat'><strong>.</strong></span> <span class='ocrx_word' id='word_1_16' title='bbox 145 303 216 380; x_wconf 89' lang='lat' dir='ltr'><strong>liqui</strong></span> <span class='ocrx_word' id='word_1_17' title='bbox 237 308 311 360; x_wconf 82' lang='lat' dir='ltr'><strong>sunt.</strong></span> <span class='ocrx_word' id='word_1_18' title='bbox 354 300 411 371; x_wconf 83' lang='lat' dir='ltr'><strong>Qui</strong></span> <span class='ocrx_word' id='word_1_19' title='bbox 432 301 519 358; x_wconf 88' lang='lat' dir='ltr'><strong>simili</strong></span> <span class='ocrx_word' id='word_1_20' title='bbox 539 302 570 358; x_wconf 89' lang='lat' dir='ltr'><strong>in</strong></span> <span class='ocrx_word' id='word_1_21' title='bbox 591 301 751 359; x_wconf 83' lang='lat' dir='ltr'><strong>calamitate</strong></span> <span class='ocrx_word' id='word_1_22' title='bbox 773 308 847 374; x_wconf 89' lang='lat' dir='ltr'><strong>sunt,</strong></span> <span class='ocrx_word' id='word_1_23' title='bbox 863 322 913 360; x_wconf 90' lang='lat' dir='ltr'><strong>cur</strong></span> <span class='ocrx_word' id='word_1_24' title='bbox 934 310 985 362; x_wconf 87' lang='lat' dir='ltr'><strong>tua</strong></span> 
     </span>
     <span class='ocr_line' id='line_1_4' title="bbox 144 381 984 442; baseline 0.001 -3"><span class='ocrx_word' id='word_1_25' title='bbox 144 381 339 442; x_wconf 81' lang='lat' dir='ltr'><strong>misericordia</strong></span> <span class='ocrx_word' id='word_1_26' title='bbox 359 401 418 438; x_wconf 90' lang='lat' dir='ltr'><strong>non</strong></span> <span class='ocrx_word' id='word_1_27' title='bbox 434 381 522 439; x_wconf 85' lang='lat' dir='ltr'><strong>simili</strong></span> <span class='ocrx_word' id='word_1_28' title='bbox 542 381 695 438; x_wconf 70' lang='lat' dir='ltr'><strong>fruuntur?</strong></span> <span class='ocrx_word' id='word_1_29' title='bbox 715 400 766 438; x_wconf 90' lang='lat' dir='ltr'><strong>cur</strong></span> <span class='ocrx_word' id='word_1_30' title='bbox 782 401 831 439; x_wconf 91' lang='lat' dir='ltr'><strong>eos</strong></span> <span class='ocrx_word' id='word_1_31' title='bbox 849 381 937 440; x_wconf 90' lang='lat' dir='ltr'><strong>habes</strong></span> <span class='ocrx_word' id='word_1_32' title='bbox 952 383 984 440; x_wconf 88' lang='grc' dir='ltr'><strong>ιιι</strong></span> 
     </span>
     <span class='ocr_line' id='line_1_5' title="bbox 145 460 985 538; baseline 0 -19"><span class='ocrx_word' id='word_1_33' title='bbox 145 462 207 519; x_wconf 90' lang='lat' dir='ltr'><strong>loco</strong></span> <span class='ocrx_word' id='word_1_34' title='bbox 219 461 332 538; x_wconf 79' lang='lat' dir='ltr'><strong>patruil</strong></span> <span class='ocrx_word' id='word_1_35' title='bbox 352 460 388 517; x_wconf 92' lang='lat' dir='ltr'><strong>de</strong></span> <span class='ocrx_word' id='word_1_36' title='bbox 403 480 459 537; x_wconf 91' lang='lat' dir='ltr'><strong>quo</strong></span> <span class='ocrx_word' id='word_1_37' title='bbox 474 460 555 531; x_wconf 82' lang='lat' dir='ltr'><strong>ferre,</strong></span> <span class='ocrx_word' id='word_1_38' title='bbox 568 479 633 518; x_wconf 89' lang='lat' dir='ltr'><strong>oum</strong></span> <span class='ocrx_word' id='word_1_39' title='bbox 648 460 684 518; x_wconf 91' lang='lat' dir='ltr'><strong>de</strong></span> <span class='ocrx_word' id='word_1_40' title='bbox 697 460 813 538; x_wconf 90' lang='lat' dir='ltr'><strong>reliquis</strong></span> <span class='ocrx_word' id='word_1_41' title='bbox 827 461 923 534; x_wconf 83' lang='lat' dir='ltr'><strong>ferres,</strong></span> <span class='ocrx_word' id='word_1_42' title='bbox 935 481 985 520; x_wconf 83' lang='lat' dir='ltr'><strong>no-</strong></span> 
     </span>
     <span class='ocr_line' id='line_1_6' title="bbox 144 539 983 618; baseline 0.002 -20"><span class='ocrx_word' id='word_1_43' title='bbox 144 541 239 598; x_wconf 84' lang='lat' dir='ltr'><strong>luisti:</strong></span> <span class='ocrx_word' id='word_1_44' title='bbox 261 559 346 618; x_wconf 90' lang='lat' dir='ltr'><strong>quem</strong></span> <span class='ocrx_word' id='word_1_45' title='bbox 361 540 447 598; x_wconf 91' lang='lat' dir='ltr'><strong>etiam</strong></span> <span class='ocrx_word' id='word_1_46' title='bbox 461 539 498 598; x_wconf 86' lang='lat' dir='ltr'><strong>ad</strong></span> <span class='ocrx_word' id='word_1_47' title='bbox 509 559 655 598; x_wconf 85' lang='lat' dir='ltr'><strong>censuram</strong></span> <span class='ocrx_word' id='word_1_48' title='bbox 666 540 820 617; x_wconf 89' lang='lat' dir='ltr'><strong>petendam</strong></span> <span class='ocrx_word' id='word_1_49' title='bbox 834 541 983 618; x_wconf 84' lang='lat' dir='ltr'><strong>impulisti,</strong></span> 
     </span>
    </p>
   </div>
   <div class='ocr_carea' id='block_1_3' title="bbox 145 619 1067 698">
    <p class='ocr_par' dir='ltr' id='par_1_3' title="bbox 145 619 1067 698">
     <span class='ocr_line' id='line_1_7' title="bbox 145 619 1067 698; baseline 0 -19"><span class='ocrx_word' id='word_1_50' title='bbox 145 639 264 698; x_wconf 87' lang='lat' dir='ltr'><strong>eamque</strong></span> <span class='ocrx_word' id='word_1_51' title='bbox 284 619 455 698; x_wconf 79' lang='lat' dir='ltr'><strong>petitionem</strong></span> <span class='ocrx_word' id='word_1_52' title='bbox 476 621 655 697; x_wconf 81' lang='lat' dir='ltr'><strong>comparasti,</strong></span> <span class='ocrx_word' id='word_1_53' title='bbox 669 639 740 697; x_wconf 87' lang='lat' dir='ltr'><strong>quae</strong></span> <span class='ocrx_word' id='word_1_54' title='bbox 757 627 786 678; x_wconf 91' lang='lat' dir='ltr'><strong>et</strong></span> <span class='ocrx_word' id='word_1_55' title='bbox 802 620 875 678; x_wconf 83' lang='lat' dir='ltr'><strong>risus</strong></span> <span class='ocrx_word' id='word_1_56' title='bbox 894 621 985 679; x_wconf 90' lang='lat' dir='ltr'><strong>homi·</strong></span> <span class='ocrx_word' id='word_1_57' title='bbox 1063 651 1067 657; x_wconf 93' lang='lat'>·</span> 
     </span>
    </p>
   </div>
   <div class='ocr_carea' id='block_1_4' title="bbox 91 699 986 2214">
    <p class='ocr_par' dir='ltr' id='par_1_4' title="bbox 91 699 986 2214">
     <span class='ocr_line' id='line_1_8' title="bbox 144 699 985 778; baseline 0.001 -20"><span class='ocrx_word' id='word_1_58' title='bbox 144 719 214 778; x_wconf 73' lang='lat' dir='ltr'><strong>num</strong></span> <span class='ocrx_word' id='word_1_59' title='bbox 229 707 258 758; x_wconf 91' lang='lat' dir='ltr'><strong>et</strong></span> <span class='ocrx_word' id='word_1_60' title='bbox 271 699 408 776; x_wconf 88' lang='lat' dir='ltr'><strong>querellas</strong></span> <span class='ocrx_word' id='word_1_61' title='bbox 421 707 557 758; x_wconf 88' lang='lat' dir='ltr'><strong>moveret.</strong></span> <span class='ocrx_word' id='word_1_62' title='bbox 590 704 636 758; x_wconf 86' lang='grc'><strong>99.</strong></span> <span class='ocrx_word' id='word_1_63' title='bbox 649 699 709 758; x_wconf 81' lang='lat' dir='ltr'><strong>Cur</strong></span> <span class='ocrx_word' id='word_1_64' title='bbox 718 707 813 757; x_wconf 91' lang='lat' dir='ltr'><strong>autern</strong></span> <span class='ocrx_word' id='word_1_65' title='bbox 825 720 858 758; x_wconf 91' lang='lat' dir='ltr'><strong>ea</strong></span> <span class='ocrx_word' id='word_1_66' title='bbox 868 701 985 759; x_wconf 86' lang='lat' dir='ltr'><strong>comitia</strong></span> 
     </span>
     <span class='ocr_line' id='line_1_9' title="bbox 144 779 985 857; baseline 0.001 -20"><span class='ocrx_word' id='word_1_67' title='bbox 144 799 203 838; x_wconf 91' lang='lat' dir='ltr'><strong>non</strong></span> <span class='ocrx_word' id='word_1_68' title='bbox 217 779 362 837; x_wconf 81' lang='lat' dir='ltr'><strong>habuistil</strong></span> <span class='ocrx_word' id='word_1_69' title='bbox 382 799 418 836; x_wconf 93' lang='lat' dir='ltr'><strong>an</strong></span> <span class='ocrx_word' id='word_1_70' title='bbox 433 779 499 856; x_wconf 89' lang='lat' dir='ltr'><strong>quia</strong></span> <span class='ocrx_word' id='word_1_71' title='bbox 515 779 753 857; x_wconf 85' lang='lat' dir='ltr'><strong>tribunusplebis</strong></span> <span class='ocrx_word' id='word_1_72' title='bbox 770 780 916 838; x_wconf 89' lang='lat' dir='ltr'><strong>sinistrum</strong></span> <span class='ocrx_word' id='word_1_73' title='bbox 930 781 985 838; x_wconf 85' lang='lat' dir='ltr'><strong>ful-</strong></span> 
     </span>
     <span class='ocr_line' id='line_1_10' title="bbox 144 858 985 937; baseline 0.002 -21"><span class='ocrx_word' id='word_1_74' title='bbox 144 878 211 917; x_wconf 88' lang='lat' dir='ltr'><strong>men</strong></span> <span class='ocrx_word' id='word_1_75' title='bbox 231 858 400 917; x_wconf 78' lang='lat' dir='ltr'><strong>nuntiabatl</strong></span> <span class='ocrx_word' id='word_1_76' title='bbox 440 859 515 917; x_wconf 84' lang='lat' dir='ltr'><strong>Cum</strong></span> <span class='ocrx_word' id='word_1_77' title='bbox 535 865 586 916; x_wconf 87' lang='lat' dir='ltr'><strong>tua</strong></span> <span class='ocrx_word' id='word_1_78' title='bbox 602 859 672 937; x_wconf 90' lang='lat' dir='ltr'><strong>quid</strong></span> <span class='ocrx_word' id='word_1_79' title='bbox 688 860 815 932; x_wconf 89' lang='lat' dir='ltr'><strong>interest,</strong></span> <span class='ocrx_word' id='word_1_80' title='bbox 830 860 908 918; x_wconf 87' lang='lat' dir='ltr'><strong>nulla</strong></span> <span class='ocrx_word' id='word_1_81' title='bbox 924 881 985 918; x_wconf 88' lang='lat' dir='ltr'><strong>aus-</strong></span> 
     </span>
     <span class='ocr_line' id='line_1_11' title="bbox 144 938 985 1017; baseline 0.002 -21"><span class='ocrx_word' id='word_1_82' title='bbox 144 940 221 1017; x_wconf 89' lang='lat' dir='ltr'><strong>picia</strong></span> <span class='ocrx_word' id='word_1_83' title='bbox 234 946 317 996; x_wconf 84' lang='lat' dir='ltr'><strong>sunt:</strong></span> <span class='ocrx_word' id='word_1_84' title='bbox 340 958 406 997; x_wconf 92' lang='lat' dir='ltr'><strong>cum</strong></span> <span class='ocrx_word' id='word_1_85' title='bbox 422 945 547 1011; x_wconf 88' lang='lat' dir='ltr'><strong>tuorum,</strong></span> <span class='ocrx_word' id='word_1_86' title='bbox 559 947 622 997; x_wconf 92' lang='lat' dir='ltr'><strong>tum</strong></span> <span class='ocrx_word' id='word_1_87' title='bbox 639 938 673 997; x_wconf 88' lang='lat' dir='ltr'><strong>lis</strong></span> <span class='ocrx_word' id='word_1_88' title='bbox 689 939 846 1017; x_wconf 83' lang='lat' dir='ltr'><strong>religiosus.</strong></span> <span class='ocrx_word' id='word_1_89' title='bbox 889 939 985 1010; x_wconf 82' lang='lat' dir='ltr'><strong>Quidl</strong></span> 
     </span>
     <span class='ocr_line' id='line_1_12' title="bbox 145 1018 985 1096; baseline 0.002 -20"><span class='ocrx_word' id='word_1_90' title='bbox 145 1019 302 1076; x_wconf 87' lang='lat' dir='ltr'><strong>eumdem</strong></span> <span class='ocrx_word' id='word_1_91' title='bbox 291 1038 325 1076; x_wconf 90' lang='grc' dir='ltr'><strong>ιιι</strong></span> <span class='ocrx_word' id='word_1_92' title='bbox 340 1019 543 1096; x_wconf 79' lang='lat' dir='ltr'><strong>septemviram</strong></span> <span class='ocrx_word' id='word_1_93' title='bbox 560 1038 656 1076; x_wconf 89' lang='lat' dir='ltr'><strong>nonne</strong></span> <span class='ocrx_word' id='word_1_94' title='bbox 670 1018 845 1078; x_wconf 78' lang='lat' dir='ltr'><strong>destituistil</strong></span> <span class='ocrx_word' id='word_1_95' title='bbox 866 1020 985 1078; x_wconf 87' lang='lat' dir='ltr'><strong>interve·</strong></span> 
     </span>
     <span class='ocr_line' id='line_1_13' title="bbox 144 1098 985 1178; baseline 0.002 -22"><span class='ocrx_word' id='word_1_96' title='bbox 144 1099 189 1156; x_wconf 90' lang='lat' dir='ltr'><strong>nit</strong></span> <span class='ocrx_word' id='word_1_97' title='bbox 205 1100 291 1170; x_wconf 92' lang='lat' dir='ltr'><strong>enim,</strong></span> <span class='ocrx_word' id='word_1_98' title='bbox 303 1098 350 1156; x_wconf 91' lang='lat' dir='ltr'><strong>cui</strong></span> <span class='ocrx_word' id='word_1_99' title='bbox 366 1107 426 1156; x_wconf 90' lang='lat' dir='ltr'><strong>met</strong></span> <span class='ocrx_word' id='word_1_100' title='bbox 414 1098 503 1170; x_wconf 83' lang='lat' dir='ltr'><strong>tuisti,</strong></span> <span class='ocrx_word' id='word_1_101' title='bbox 516 1098 609 1170; x_wconf 86' lang='lat' dir='ltr'><strong>credo,</strong></span> <span class='ocrx_word' id='word_1_102' title='bbox 621 1117 658 1156; x_wconf 92' lang='lat' dir='ltr'><strong>ne</strong></span> <span class='ocrx_word' id='word_1_103' title='bbox 677 1098 754 1157; x_wconf 92' lang='lat' dir='ltr'><strong>salvo</strong></span> <span class='ocrx_word' id='word_1_104' title='bbox 771 1101 865 1178; x_wconf 91' lang='lat' dir='ltr'><strong>capite</strong></span> <span class='ocrx_word' id='word_1_105' title='bbox 882 1120 985 1178; x_wconf 88' lang='lat' dir='ltr'><strong>negare</strong></span> 
     </span>
     <span class='ocr_line' id='line_1_14' title="bbox 145 1177 985 1257; baseline 0.002 -21"><span class='ocrx_word' id='word_1_106' title='bbox 145 1198 203 1236; x_wconf 90' lang='lat' dir='ltr'><strong>non</strong></span> <span class='ocrx_word' id='word_1_107' title='bbox 211 1198 317 1256; x_wconf 86' lang='lat' dir='ltr'><strong>posses</strong></span> <span class='ocrx_word' id='word_1_108' title='bbox 346 1178 561 1238; x_wconf 87' lang='lat' dir='ltr'><strong>Omnrbuseum</strong></span> <span class='ocrx_word' id='word_1_109' title='bbox 570 1177 751 1236; x_wconf 85' lang='lat' dir='ltr'><strong>contumelus</strong></span> <span class='ocrx_word' id='word_1_110' title='bbox 760 1180 882 1237; x_wconf 86' lang='lat' dir='ltr'><strong>onerastr</strong></span> <span class='ocrx_word' id='word_1_111' title='bbox 884 1200 985 1257; x_wconf 91' lang='lat' dir='ltr'><strong>,quem</strong></span> 
     </span>
     <span class='ocr_line' id='line_1_15' title="bbox 140 1258 983 1336; baseline 0.002 -20"><span class='ocrx_word' id='word_1_112' title='bbox 140 1265 194 1336; x_wconf 89' lang='lat' dir='ltr'><strong>pat</strong></span> <span class='ocrx_word' id='word_1_113' title='bbox 195 1259 233 1316; x_wconf 90' lang='lat' dir='ltr'><strong>ris</strong></span> <span class='ocrx_word' id='word_1_114' title='bbox 250 1258 356 1329; x_wconf 88' lang='lat' dir='ltr'><strong>loeo,</strong></span> <span class='ocrx_word' id='word_1_115' title='bbox 334 1278 358 1316; x_wconf 80' lang='grc' dir='ltr'><strong>ιι</strong></span> <span class='ocrx_word' id='word_1_116' title='bbox 375 1258 456 1332; x_wconf 85' lang='lat' dir='ltr'><strong>ulla</strong></span> <span class='ocrx_word' id='word_1_117' title='bbox 448 1279 479 1315; x_wconf 88' lang='grc' dir='ltr'><strong>ιιι</strong></span> <span class='ocrx_word' id='word_1_118' title='bbox 496 1265 525 1316; x_wconf 86' lang='lat' dir='ltr'><strong>te</strong></span> <span class='ocrx_word' id='word_1_119' title='bbox 542 1258 634 1336; x_wconf 88' lang='lat' dir='ltr'><strong>pietas</strong></span> <span class='ocrx_word' id='word_1_120' title='bbox 650 1265 732 1331; x_wconf 87' lang='lat' dir='ltr'><strong>esset,</strong></span> <span class='ocrx_word' id='word_1_121' title='bbox 744 1258 836 1317; x_wconf 87' lang='lat' dir='ltr'><strong>colere</strong></span> <span class='ocrx_word' id='word_1_122' title='bbox 852 1259 983 1318; x_wconf 86' lang='lat' dir='ltr'><strong>debebas.</strong></span> 
     </span>
     <span class='ocr_line' id='line_1_16' title="bbox 145 1338 985 1412; baseline 0.001 -16"><span class='ocrx_word' id='word_1_123' title='bbox 145 1338 291 1396; x_wconf 88' lang='lat' dir='ltr'><strong>Filiam&#39;</strong></span> <span class='ocrx_word' id='word_1_124' title='bbox 268 1358 337 1410; x_wconf 89' lang='lat' dir='ltr'><strong>erus,</strong></span> <span class='ocrx_word' id='word_1_125' title='bbox 355 1357 481 1398; x_wconf 87' lang='lat' dir='ltr'><strong>sororem</strong></span> <span class='ocrx_word' id='word_1_126' title='bbox 501 1345 590 1412; x_wconf 86' lang='lat' dir='ltr'><strong>tuam,</strong></span> <span class='ocrx_word' id='word_1_127' title='bbox 605 1338 722 1410; x_wconf 88' lang='lat' dir='ltr'><strong>eiecisti,</strong></span> <span class='ocrx_word' id='word_1_128' title='bbox 740 1339 796 1397; x_wconf 88' lang='lat' dir='ltr'><strong>alia</strong></span> <span class='ocrx_word' id='word_1_129' title='bbox 816 1339 985 1398; x_wconf 88' lang='lat' dir='ltr'><strong>condicione</strong></span> 
     </span>
     <span class='ocr_line' id='line_1_17' title="bbox 146 1418 986 1497; baseline 0 -21"><span class='ocrx_word' id='word_1_130' title='bbox 146 1418 274 1495; x_wconf 87' lang='lat' dir='ltr'><strong>quaesita</strong></span> <span class='ocrx_word' id='word_1_131' title='bbox 294 1426 323 1476; x_wconf 85' lang='lat' dir='ltr'><strong>et</strong></span> <span class='ocrx_word' id='word_1_132' title='bbox 339 1425 405 1476; x_wconf 89' lang='lat' dir='ltr'><strong>ante</strong></span> <span class='ocrx_word' id='word_1_133' title='bbox 423 1425 582 1497; x_wconf 83' lang='lat' dir='ltr'><strong>prospecta</strong></span> <span class='ocrx_word' id='word_1_134' title='bbox 619 1418 686 1476; x_wconf 93' lang='lat' dir='ltr'><strong>Non</strong></span> <span class='ocrx_word' id='word_1_135' title='bbox 706 1426 750 1476; x_wconf 89' lang='lat' dir='ltr'><strong>est</strong></span> <span class='ocrx_word' id='word_1_136' title='bbox 767 1419 843 1477; x_wconf 86' lang='lat' dir='ltr'><strong>satis.</strong></span> <span class='ocrx_word' id='word_1_137' title='bbox 882 1418 986 1477; x_wconf 83' lang='lat' dir='ltr'><strong>Probri</strong></span> 
     </span>
     <span class='ocr_line' id='line_1_18' title="bbox 102 1497 986 1577; baseline 0.002 -22"><span class='ocrx_word' id='word_1_138' title='bbox 102 1539 107 1547; x_wconf 83' lang='lat'><strong>·</strong></span> <span class='ocrx_word' id='word_1_139' title='bbox 144 1498 316 1556; x_wconf 87' lang='lat' dir='ltr'><strong>insimulasti</strong></span> <span class='ocrx_word' id='word_1_140' title='bbox 333 1498 549 1576; x_wconf 89' lang='lat' dir='ltr'><strong>pudicissimam</strong></span> <span class='ocrx_word' id='word_1_141' title='bbox 565 1498 712 1556; x_wconf 86' lang='lat' dir='ltr'><strong>feminam.</strong></span> <span class='ocrx_word' id='word_1_142' title='bbox 755 1497 833 1569; x_wconf 86' lang='lat' dir='ltr'><strong>Quid</strong></span> <span class='ocrx_word' id='word_1_143' title='bbox 849 1499 986 1577; x_wconf 88' lang='lat' dir='ltr'><strong>estquod</strong></span> 
     </span>
     <span class='ocr_line' id='line_1_19' title="bbox 145 1578 986 1657; baseline 0.001 -21"><span class='ocrx_word' id='word_1_144' title='bbox 145 1579 213 1636; x_wconf 92' lang='lat' dir='ltr'><strong>addi</strong></span> <span class='ocrx_word' id='word_1_145' title='bbox 234 1579 343 1656; x_wconf 76' lang='lat' dir='ltr'><strong>possiti</strong></span> <span class='ocrx_word' id='word_1_146' title='bbox 367 1585 519 1648; x_wconf 79' lang='lat' dir='ltr'><strong>contentus</strong></span> <span class='ocrx_word' id='word_1_147' title='bbox 540 1598 574 1636; x_wconf 89' lang='lat' dir='ltr'><strong>eo</strong></span> <span class='ocrx_word' id='word_1_148' title='bbox 595 1597 654 1636; x_wconf 90' lang='lat' dir='ltr'><strong>non</strong></span> <span class='ocrx_word' id='word_1_149' title='bbox 675 1578 766 1637; x_wconf 85' lang='lat' dir='ltr'><strong>fuisti.</strong></span> <span class='ocrx_word' id='word_1_150' title='bbox 808 1579 986 1657; x_wconf 81' lang='lat' dir='ltr'><strong>Frequentis-</strong></span> 
     </span>
     <span class='ocr_line' id='line_1_20' title="bbox 146 1657 985 1736; baseline 0.001 -21"><span class='ocrx_word' id='word_1_151' title='bbox 146 1658 219 1716; x_wconf 89' lang='lat' dir='ltr'><strong>simo</strong></span> <span class='ocrx_word' id='word_1_152' title='bbox 236 1665 336 1716; x_wconf 88' lang='lat' dir='ltr'><strong>senatu</strong></span> <span class='ocrx_word' id='word_1_153' title='bbox 353 1657 491 1716; x_wconf 88' lang='lat' dir='ltr'><strong>Kalendis</strong></span> <span class='ocrx_word' id='word_1_154' title='bbox 507 1658 526 1717; x_wconf 85' lang='lat' dir='ltr'>J</span> <span class='ocrx_word' id='word_1_155' title='bbox 527 1659 650 1716; x_wconf 88' lang='lat' dir='ltr'><strong>anuariis</strong></span> <span class='ocrx_word' id='word_1_156' title='bbox 664 1659 780 1717; x_wconf 88' lang='lat' dir='ltr'><strong>sedente</strong></span> <span class='ocrx_word' id='word_1_157' title='bbox 794 1666 897 1736; x_wconf 90' lang='lat' dir='ltr'><strong>patruo</strong></span> <span class='ocrx_word' id='word_1_158' title='bbox 911 1659 985 1716; x_wconf 89' lang='lat' dir='ltr'><strong>hanc</strong></span> 
     </span>
     <span class='ocr_line' id='line_1_21' title="bbox 125 1737 983 1810; baseline 0.001 -15"><span class='ocrx_word' id='word_1_159' title='bbox 125 1738 199 1795; x_wconf 88' lang='lat' dir='ltr'><strong>&#39;tibi</strong></span> <span class='ocrx_word' id='word_1_160' title='bbox 214 1757 274 1796; x_wconf 83' lang='lat' dir='ltr'><strong>esse</strong></span> <span class='ocrx_word' id='word_1_161' title='bbox 289 1757 355 1796; x_wconf 91' lang='lat' dir='ltr'><strong>cum</strong></span> <span class='ocrx_word' id='word_1_162' title='bbox 369 1737 518 1796; x_wconf 87' lang='lat' dir='ltr'><strong>Dolabella</strong></span> <span class='ocrx_word' id='word_1_163' title='bbox 532 1757 646 1796; x_wconf 86' lang='lat' dir='ltr'><strong>causam</strong></span> <span class='ocrx_word' id='word_1_164' title='bbox 663 1738 723 1797; x_wconf 92' lang='lat' dir='ltr'><strong>cdii</strong></span> <span class='ocrx_word' id='word_1_165' title='bbox 737 1739 830 1798; x_wconf 89' lang='lat' dir='ltr'><strong>dicere</strong></span> <span class='ocrx_word' id='word_1_166' title='bbox 844 1759 929 1797; x_wconf 89' lang='lat' dir='ltr'><strong>ausus</strong></span> <span class='ocrx_word' id='word_1_167' title='bbox 945 1758 983 1810; x_wconf 87' lang='lat' dir='ltr'><strong>es,</strong></span> 
     </span>
     <span class='ocr_line' id='line_1_22' title="bbox 147 1783 985 1897; baseline 0 -21"><span class='ocrx_word' id='word_1_168' title='bbox 147 1818 225 1895; x_wconf 90' lang='lat' dir='ltr'><strong>quod</strong></span> <span class='ocrx_word' id='word_1_169' title='bbox 240 1817 277 1876; x_wconf 90' lang='lat' dir='ltr'><strong>ab</strong></span> <span class='ocrx_word' id='word_1_170' title='bbox 298 1837 332 1876; x_wconf 93' lang='lat' dir='ltr'><strong>eo</strong></span> <span class='ocrx_word' id='word_1_171' title='bbox 354 1818 443 1876; x_wconf 88' lang='lat' dir='ltr'><strong>sorori</strong></span> <span class='ocrx_word' id='word_1_172' title='bbox 464 1824 493 1875; x_wconf 88' lang='lat' dir='ltr'><strong>et</strong></span> <span class='ocrx_word' id='word_1_173' title='bbox 514 1819 596 1876; x_wconf 87' lang='lat' dir='ltr'><strong>uxori</strong></span> <span class='ocrx_word' id='word_1_174' title='bbox 616 1826 682 1878; x_wconf 88' lang='lat' dir='ltr'><strong>tuae</strong></span> <span class='ocrx_word' id='word_1_175' title='bbox 704 1827 835 1897; x_wconf 88' lang='lat' dir='ltr'><strong>stuprum</strong></span> <span class='ocrx_word' id='word_1_176' title='bbox 856 1783 985 1877; x_wconf 84' lang='lat' dir='ltr'><strong>oblatuni</strong></span> 
     </span>
     <span class='ocr_line' id='line_1_23' title="bbox 146 1897 986 1992; baseline 0 -36"><span class='ocrx_word' id='word_1_177' title='bbox 146 1915 206 1956; x_wconf 87' lang='lat' dir='ltr'><strong>esse</strong></span> <span class='ocrx_word' id='word_1_178' title='bbox 217 1897 410 1990; x_wconf 81' lang='lat' dir='ltr'><strong>comperisses</strong></span> <span class='ocrx_word' id='word_1_179' title='bbox 446 1897 536 1968; x_wconf 81' lang='lat' dir='ltr'><strong>Quis·</strong></span> <span class='ocrx_word' id='word_1_180' title='bbox 528 1917 559 1954; x_wconf 92' lang='grc' dir='ltr'><strong>ιιι</strong></span> <span class='ocrx_word' id='word_1_181' title='bbox 560 1899 709 1975; x_wconf 88' lang='lat' dir='ltr'><strong>terpretari</strong></span> <span class='ocrx_word' id='word_1_182' title='bbox 722 1906 826 1992; x_wconf 77' lang='lat' dir='ltr'><strong>potest,</strong></span> <span class='ocrx_word' id='word_1_183' title='bbox 837 1899 986 1976; x_wconf 88' lang='lat' dir='ltr'><strong>impuden-</strong></span> 
     </span>
     <span class='ocr_line' id='line_1_24' title="bbox 145 1976 986 2072; baseline -0.001 -37"><span class='ocrx_word' id='word_1_184' title='bbox 145 1977 247 2049; x_wconf 86' lang='lat' dir='ltr'><strong>tiorne,</strong></span> <span class='ocrx_word' id='word_1_185' title='bbox 262 1977 312 2072; x_wconf 80' lang='lat' dir='ltr'><strong>qui</strong></span> <span class='ocrx_word' id='word_1_186' title='bbox 328 1977 359 2034; x_wconf 89' lang='lat' dir='ltr'><strong>in</strong></span> <span class='ocrx_word' id='word_1_187' title='bbox 379 1983 488 2048; x_wconf 87' lang='lat' dir='ltr'><strong>senatu,</strong></span> <span class='ocrx_word' id='word_1_188' title='bbox 504 1996 540 2034; x_wconf 90' lang='lat' dir='ltr'><strong>an</strong></span> <span class='ocrx_word' id='word_1_189' title='bbox 561 1976 728 2054; x_wconf 86' lang='lat' dir='ltr'><strong>improbior,</strong></span> <span class='ocrx_word' id='word_1_190' title='bbox 738 1979 788 2054; x_wconf 93' lang='lat' dir='ltr'><strong>qui</strong></span> <span class='ocrx_word' id='word_1_191' title='bbox 806 1979 836 2034; x_wconf 91' lang='lat' dir='ltr'><strong>in</strong></span> <span class='ocrx_word' id='word_1_192' title='bbox 853 1978 986 2036; x_wconf 89' lang='lat' dir='ltr'><strong>Dolabel-</strong></span> 
     </span>
     <span class='ocr_line' id='line_1_25' title="bbox 91 2057 984 2134; baseline 0 -20"><span class='ocrx_word' id='word_1_193' title='bbox 91 2067 94 2072; x_wconf 88' lang='lat'>&#39;</span> <span class='ocrx_word' id='word_1_194' title='bbox 145 2057 211 2128; x_wconf 91' lang='lat' dir='ltr'><strong>lam,</strong></span> <span class='ocrx_word' id='word_1_195' title='bbox 227 2077 262 2114; x_wconf 91' lang='lat' dir='ltr'><strong>an</strong></span> <span class='ocrx_word' id='word_1_196' title='bbox 284 2057 432 2134; x_wconf 90' lang='lat' dir='ltr'><strong>impurior,</strong></span> <span class='ocrx_word' id='word_1_197' title='bbox 448 2057 497 2134; x_wconf 92' lang='lat' dir='ltr'><strong>qui</strong></span> <span class='ocrx_word' id='word_1_198' title='bbox 518 2063 599 2134; x_wconf 90' lang='lat' dir='ltr'><strong>patre</strong></span> <span class='ocrx_word' id='word_1_199' title='bbox 619 2057 762 2129; x_wconf 88' lang='lat' dir='ltr'><strong>audiente,</strong></span> <span class='ocrx_word' id='word_1_200' title='bbox 777 2077 814 2114; x_wconf 88' lang='lat' dir='ltr'><strong>an</strong></span> <span class='ocrx_word' id='word_1_201' title='bbox 835 2058 984 2127; x_wconf 88' lang='lat' dir='ltr'><strong>omdelior,</strong></span> 
     </span>
     <span class='ocr_line' id='line_1_26' title="bbox 146 2101 986 2214; baseline 0 -20"><span class='ocrx_word' id='word_1_202' title='bbox 146 2138 195 2214; x_wconf 91' lang='lat' dir='ltr'><strong>qui</strong></span> <span class='ocrx_word' id='word_1_203' title='bbox 212 2137 242 2194; x_wconf 89' lang='lat' dir='ltr'><strong>in</strong></span> <span class='ocrx_word' id='word_1_204' title='bbox 256 2136 333 2194; x_wconf 91' lang='lat' dir='ltr'><strong>illam</strong></span> <span class='ocrx_word' id='word_1_205' title='bbox 344 2137 478 2194; x_wconf 87' lang='lat' dir='ltr'><strong>miseram</strong></span> <span class='ocrx_word' id='word_1_206' title='bbox 492 2143 551 2194; x_wconf 85' lang='lat' dir='ltr'><strong>tam</strong></span> <span class='ocrx_word' id='word_1_207' title='bbox 566 2155 674 2213; x_wconf 87' lang='lat' dir='ltr'><strong>spurce,</strong></span> <span class='ocrx_word' id='word_1_208' title='bbox 686 2137 768 2194; x_wconf 83' lang='lat' dir='ltr'><strong>tam&#39;</strong></span> <span class='ocrx_word' id='word_1_209' title='bbox 760 2137 849 2214; x_wconf 88' lang='lat' dir='ltr'><strong>rmpie</strong></span> <span class='ocrx_word' id='word_1_210' title='bbox 863 2101 986 2194; x_wconf 81' lang='lat' dir='ltr'><strong>dixerisl</strong></span> 
     </span>
    </p>
   </div>
   <div class='ocr_carea' id='block_1_5' title="bbox 145 2215 1043 2294">
    <p class='ocr_par' dir='ltr' id='par_1_5' title="bbox 145 2215 1043 2294">
     <span class='ocr_line' id='line_1_27' title="bbox 145 2215 1043 2294; baseline -0.001 -20"><span class='ocrx_word' id='word_1_211' title='bbox 145 2216 290 2274; x_wconf 90' lang='lat' dir='ltr'>XXXIX.</span> <span class='ocrx_word' id='word_1_212' title='bbox 318 2222 383 2274; x_wconf 89' lang='grc'>100.</span> <span class='ocrx_word' id='word_1_213' title='bbox 397 2215 702 2294; x_wconf 84' lang='lat' dir='ltr'><strong>Sedadchrrographa</strong></span> <span class='ocrx_word' id='word_1_214' title='bbox 714 2216 871 2276; x_wconf 87' lang='lat' dir='ltr'><strong>redeamus.</strong></span> <span class='ocrx_word' id='word_1_215' title='bbox 905 2215 985 2285; x_wconf 81' lang='lat' dir='ltr'><strong>Quae</strong></span> <span class='ocrx_word' id='word_1_216' title='bbox 1041 2238 1043 2242; x_wconf 56' lang='lat'><strong><em>¹</em></strong></span> 
     </span>
    </p>
   </div>
   <div class='ocr_carea' id='block_1_6' title="bbox 145 2295 986 2693">
    <p class='ocr_par' dir='ltr' id='par_1_6' title="bbox 145 2295 986 2693">
     <span class='ocr_line' id='line_1_28' title="bbox 145 2295 986 2374; baseline -0.002 -20"><span class='ocrx_word' id='word_1_217' title='bbox 145 2303 196 2354; x_wconf 87' lang='lat' dir='ltr'><strong>tua</strong></span> <span class='ocrx_word' id='word_1_218' title='bbox 211 2297 269 2354; x_wconf 83' lang='lat' dir='ltr'><strong>fuit</strong></span> <span class='ocrx_word' id='word_1_219' title='bbox 289 2297 437 2374; x_wconf 78' lang='lat' dir='ltr'><strong>cognitiol</strong></span> <span class='ocrx_word' id='word_1_220' title='bbox 478 2295 553 2353; x_wconf 89' lang='lat' dir='ltr'><strong>Acta</strong></span> <span class='ocrx_word' id='word_1_221' title='bbox 569 2296 646 2356; x_wconf 91' lang='lat' dir='ltr'><strong>enim</strong></span> <span class='ocrx_word' id='word_1_222' title='bbox 663 2295 791 2354; x_wconf 84' lang='lat' dir='ltr'><strong>Caesaris</strong></span> <span class='ocrx_word' id='word_1_223' title='bbox 807 2296 885 2373; x_wconf 85' lang='lat' dir='ltr'><strong>pacis</strong></span> <span class='ocrx_word' id='word_1_224' title='bbox 902 2314 986 2353; x_wconf 88' lang='lat' dir='ltr'><strong>causa</strong></span> 
     </span>
     <span class='ocr_line' id='line_1_29' title="bbox 145 2375 986 2453; baseline -0.002 -19"><span class='ocrx_word' id='word_1_225' title='bbox 145 2376 313 2434; x_wconf 87' lang='lat' dir='ltr'><strong>confirmata</strong></span> <span class='ocrx_word' id='word_1_226' title='bbox 329 2382 396 2434; x_wconf 88' lang='lat' dir='ltr'><strong>sunt</strong></span> <span class='ocrx_word' id='word_1_227' title='bbox 412 2394 430 2433; x_wconf 90' lang='lat' dir='ltr'><strong>a</strong></span> <span class='ocrx_word' id='word_1_228' title='bbox 443 2383 559 2434; x_wconf 88' lang='lat' dir='ltr'><strong>senatu·</strong></span> <span class='ocrx_word' id='word_1_229' title='bbox 581 2394 653 2453; x_wconf 89' lang='lat' dir='ltr'><strong>quae</strong></span> <span class='ocrx_word' id='word_1_230' title='bbox 667 2376 784 2453; x_wconf 89' lang='lat' dir='ltr'><strong>quidem</strong></span> <span class='ocrx_word' id='word_1_231' title='bbox 798 2376 902 2434; x_wconf 82' lang='lat' dir='ltr'><strong>Caesar</strong></span> <span class='ocrx_word' id='word_1_232' title='bbox 915 2375 986 2452; x_wconf 80' lang='lat' dir='ltr'><strong>egis</strong></span> 
     </span>
     <span class='ocr_line' id='line_1_30' title="bbox 146 2455 983 2534; baseline -0.007 -16"><span class='ocrx_word' id='word_1_233' title='bbox 146 2463 197 2528; x_wconf 81' lang='lat' dir='ltr'><strong>set,</strong></span> <span class='ocrx_word' id='word_1_234' title='bbox 209 2475 267 2514; x_wconf 90' lang='lat' dir='ltr'><strong>non</strong></span> <span class='ocrx_word' id='word_1_235' title='bbox 285 2476 325 2528; x_wconf 89' lang='lat' dir='ltr'><strong>ea,</strong></span> <span class='ocrx_word' id='word_1_236' title='bbox 338 2475 410 2534; x_wconf 88' lang='lat' dir='ltr'><strong>quae</strong></span> <span class='ocrx_word' id='word_1_237' title='bbox 427 2455 518 2534; x_wconf 82' lang='lat' dir='ltr'><strong>egisse</strong></span> <span class='ocrx_word' id='word_1_238' title='bbox 532 2455 681 2517; x_wconf 82' lang='lat' dir='ltr'><strong>Caesarem</strong></span> <span class='ocrx_word' id='word_1_239' title='bbox 699 2456 817 2514; x_wconf 84' lang='lat' dir='ltr'><strong>dixisset</strong></span> <span class='ocrx_word' id='word_1_240' title='bbox 830 2455 983 2513; x_wconf 88' lang='lat' dir='ltr'><strong>Antonius.</strong></span> 
     </span>
     <span class='ocr_line' id='line_1_31' title="bbox 145 2501 985 2614; baseline -0.004 -20"><span class='ocrx_word' id='word_1_241' title='bbox 145 2501 233 2594; x_wconf 86' lang='lat' dir='ltr'><strong>Uride</strong></span> <span class='ocrx_word' id='word_1_242' title='bbox 247 2536 303 2594; x_wconf 88' lang='lat' dir='ltr'><strong>ista</strong></span> <span class='ocrx_word' id='word_1_243' title='bbox 316 2537 489 2612; x_wconf 86' lang='lat' dir='ltr'><strong>erumpuntl</strong></span> <span class='ocrx_word' id='word_1_244' title='bbox 510 2555 567 2614; x_wconf 85' lang='lat' dir='ltr'><strong>quo</strong></span> <span class='ocrx_word' id='word_1_245' title='bbox 581 2542 696 2594; x_wconf 85' lang='lat' dir='ltr'><strong>auctore</strong></span> <span class='ocrx_word' id='word_1_246' title='bbox 709 2535 913 2613; x_wconf 81' lang='lat' dir='ltr'><strong>proferunturl</strong></span> <span class='ocrx_word' id='word_1_247' title='bbox 954 2534 985 2592; x_wconf 85' lang='lat' dir='ltr'><strong>Si</strong></span> 
     </span>
     <span class='ocr_line' id='line_1_32' title="bbox 146 2614 986 2693; baseline 0 -21"><span class='ocrx_word' id='word_1_248' title='bbox 146 2622 213 2673; x_wconf 88' lang='lat' dir='ltr'><strong>sunt</strong></span> <span class='ocrx_word' id='word_1_249' title='bbox 226 2616 306 2688; x_wconf 87' lang='lat' dir='ltr'><strong>falsa,</strong></span> <span class='ocrx_word' id='word_1_250' title='bbox 319 2635 369 2674; x_wconf 87' lang='lat' dir='ltr'><strong>cur</strong></span> <span class='ocrx_word' id='word_1_251' title='bbox 382 2615 600 2693; x_wconf 77' lang='lat' dir='ltr'><strong>probanturi&#39;</strong></span> <span class='ocrx_word' id='word_1_252' title='bbox 579 2635 603 2672; x_wconf 84' lang='lat' dir='ltr'><strong>si</strong></span> <span class='ocrx_word' id='word_1_253' title='bbox 617 2634 690 2686; x_wconf 88' lang='lat' dir='ltr'><strong>vera,</strong></span> <span class='ocrx_word' id='word_1_254' title='bbox 703 2634 753 2672; x_wconf 92' lang='lat' dir='ltr'><strong>cur</strong></span> <span class='ocrx_word' id='word_1_255' title='bbox 766 2615 907 2674; x_wconf 78' lang='lat' dir='ltr'><strong>veneuntl</strong></span> <span class='ocrx_word' id='word_1_256' title='bbox 943 2614 986 2672; x_wconf 90' lang='lat' dir='ltr'><strong>At</strong></span> 
     </span>
    </p>
   </div>
   <div class='ocr_carea' id='block_1_7' title="bbox 145 2693 1059 2855">
    <p class='ocr_par' dir='ltr' id='par_1_7' title="bbox 145 2693 1059 2855">
     <span class='ocr_line' id='line_1_33' title="bbox 145 2693 1059 2772; baseline 0 -20"><span class='ocrx_word' id='word_1_257' title='bbox 145 2695 186 2752; x_wconf 90' lang='lat' dir='ltr'><strong>sio</strong></span> <span class='ocrx_word' id='word_1_258' title='bbox 203 2695 347 2772; x_wconf 86' lang='lat' dir='ltr'><strong>placuerat</strong></span> <span class='ocrx_word' id='word_1_259' title='bbox 360 2703 393 2753; x_wconf 91' lang='lat' dir='ltr'><strong>ut</strong></span> <span class='ocrx_word' id='word_1_260' title='bbox 410 2714 444 2753; x_wconf 88' lang='lat' dir='ltr'><strong>ex</strong></span> <span class='ocrx_word' id='word_1_261' title='bbox 458 2694 597 2753; x_wconf 86' lang='lat' dir='ltr'><strong>Kalendis</strong></span> <span class='ocrx_word' id='word_1_262' title='bbox 611 2694 701 2752; x_wconf 91' lang='lat' dir='ltr'><strong>Iuniis</strong></span> <span class='ocrx_word' id='word_1_263' title='bbox 718 2693 754 2754; x_wconf 77' lang='lat' dir='ltr'><strong>dt</strong></span> <span class='ocrx_word' id='word_1_264' title='bbox 770 2695 960 2753; x_wconf 83' lang='lat' dir='ltr'><strong>Caesarist</strong></span> <span class='ocrx_word' id='word_1_265' title='bbox 915 2701 960 2753; x_wconf 88' lang='lat' dir='ltr'><strong>aot</strong></span> <span class='ocrx_word' id='word_1_266' title='bbox 961 2694 986 2752; x_wconf 88' lang='lat' dir='ltr'><strong>is</strong></span> <span class='ocrx_word' id='word_1_267' title='bbox 1057 2739 1059 2746; x_wconf 32' lang='grc' dir='ltr'><strong>ι</strong></span> 
     </span>
     <span class='ocr_line' id='line_1_34' title="bbox 145 2773 1009 2855; baseline 0 -23"><span class='ocrx_word' id='word_1_268' title='bbox 145 2794 211 2832; x_wconf 89' lang='lat' dir='ltr'><strong>cum</strong></span> <span class='ocrx_word' id='word_1_269' title='bbox 232 2775 352 2833; x_wconf 90' lang='lat' dir='ltr'><strong>consilio</strong></span> <span class='ocrx_word' id='word_1_270' title='bbox 373 2775 590 2852; x_wconf 83' lang='lat' dir='ltr'><strong>cognosceretis.</strong></span> <span class='ocrx_word' id='word_1_271' title='bbox 632 2773 717 2844; x_wconf 77' lang='lat' dir='ltr'><strong>Quod</strong></span> <span class='ocrx_word' id='word_1_272' title='bbox 737 2775 796 2833; x_wconf 87' lang='lat' dir='ltr'><strong>fuit</strong></span> <span class='ocrx_word' id='word_1_273' title='bbox 816 2774 1009 2855; x_wconf 31' lang='lat' dir='ltr'><strong>consiliuml·</strong></span> 
     </span>
    </p>
   </div>
   <div class='ocr_carea' id='block_1_8' title="bbox 145 2853 987 3172">
    <p class='ocr_par' dir='ltr' id='par_1_8' title="bbox 145 2853 987 3092">
     <span class='ocr_line' id='line_1_35' title="bbox 145 2853 987 2933; baseline -0.001 -21"><span class='ocrx_word' id='word_1_274' title='bbox 145 2874 232 2932; x_wconf 92' lang='lat' dir='ltr'><strong>quem</strong></span> <span class='ocrx_word' id='word_1_275' title='bbox 246 2874 383 2933; x_wconf 88' lang='lat' dir='ltr'><strong>umquam</strong></span> <span class='ocrx_word' id='word_1_276' title='bbox 400 2855 564 2912; x_wconf 69' lang='lat' dir='ltr'><strong>advocasti?</strong></span> <span class='ocrx_word' id='word_1_277' title='bbox 585 2874 655 2931; x_wconf 93' lang='lat' dir='ltr'><strong>quas</strong></span> <span class='ocrx_word' id='word_1_278' title='bbox 669 2853 813 2913; x_wconf 86' lang='lat' dir='ltr'><strong>Kalendas</strong></span> <span class='ocrx_word' id='word_1_279' title='bbox 827 2854 924 2922; x_wconf 83' lang='lat' dir='ltr'><strong>Iunias</strong></span> <span class='ocrx_word' id='word_1_280' title='bbox 940 2873 987 2912; x_wconf 85' lang='lat' dir='ltr'><strong>ex-</strong></span> 
     </span>
     <span class='ocr_line' id='line_1_36' title="bbox 145 2934 985 3027; baseline 0.001 -36"><span class='ocrx_word' id='word_1_281' title='bbox 145 2936 298 3012; x_wconf 85' lang='lat' dir='ltr'><strong>spectastil</strong></span> <span class='ocrx_word' id='word_1_282' title='bbox 319 2954 355 2992; x_wconf 93' lang='lat' dir='ltr'><strong>an</strong></span> <span class='ocrx_word' id='word_1_283' title='bbox 372 2954 427 3006; x_wconf 88' lang='lat' dir='ltr'><strong>eas,</strong></span> <span class='ocrx_word' id='word_1_284' title='bbox 439 2934 477 2992; x_wconf 90' lang='lat' dir='ltr'><strong>ad</strong></span> <span class='ocrx_word' id='word_1_285' title='bbox 491 2953 561 3011; x_wconf 89' lang='lat' dir='ltr'><strong>quas</strong></span> <span class='ocrx_word' id='word_1_286' title='bbox 574 2941 603 2992; x_wconf 91' lang='lat' dir='ltr'><strong>te</strong></span> <span class='ocrx_word' id='word_1_287' title='bbox 616 2942 749 3027; x_wconf 75' lang='lat' dir='ltr'><strong>peragrat-</strong></span> <span class='ocrx_word' id='word_1_288' title='bbox 736 2934 773 2992; x_wconf 84' lang='lat' dir='ltr'><strong>tis</strong></span> <span class='ocrx_word' id='word_1_289' title='bbox 787 2941 985 2994; x_wconf 83' lang='lat' dir='ltr'><strong>veteranorum</strong></span> 
     </span>
     <span class='ocr_line' id='line_1_37' title="bbox 145 3012 686 3092; baseline 0 -20"><span class='ocrx_word' id='word_1_290' title='bbox 145 3015 265 3072; x_wconf 91' lang='lat' dir='ltr'><strong>coloniis</strong></span> <span class='ocrx_word' id='word_1_291' title='bbox 280 3015 418 3092; x_wconf 88' lang='lat' dir='ltr'><strong>stipatum</strong></span> <span class='ocrx_word' id='word_1_292' title='bbox 432 3015 518 3072; x_wconf 86' lang='lat' dir='ltr'><strong>armis</strong></span> <span class='ocrx_word' id='word_1_293' title='bbox 532 3020 588 3072; x_wconf 86' lang='lat' dir='ltr'><strong>rett</strong></span> <span class='ocrx_word' id='word_1_294' title='bbox 576 3012 667 3072; x_wconf 91' lang='lat' dir='ltr'><strong>tulisti</strong></span> <span class='ocrx_word' id='word_1_295' title='bbox 676 3015 686 3072; x_wconf 78' lang='grc' dir='ltr'><strong>ι</strong></span> 
     </span>
    </p>

    <p class='ocr_par' dir='ltr' id='par_1_9' title="bbox 185 3093 985 3172">
     <span class='ocr_line' id='line_1_38' title="bbox 185 3093 985 3172; baseline -0.001 -19"><span class='ocrx_word' id='word_1_296' title='bbox 185 3094 212 3153; x_wconf 89' lang='grc' dir='ltr'><strong>Ο</strong></span> <span class='ocrx_word' id='word_1_297' title='bbox 232 3094 405 3172; x_wconf 86' lang='lat' dir='ltr'><strong>praeclaram</strong></span> <span class='ocrx_word' id='word_1_298' title='bbox 425 3093 503 3152; x_wconf 89' lang='lat' dir='ltr'><strong>illam</strong></span> <span class='ocrx_word' id='word_1_299' title='bbox 524 3101 669 3171; x_wconf 85' lang='lat' dir='ltr'><strong>percursat</strong></span> <span class='ocrx_word' id='word_1_300' title='bbox 670 3094 766 3152; x_wconf 91' lang='lat' dir='ltr'><strong>ionem</strong></span> <span class='ocrx_word' id='word_1_301' title='bbox 787 3101 867 3152; x_wconf 87' lang='lat' dir='ltr'><strong>tuam</strong></span> <span class='ocrx_word' id='word_1_302' title='bbox 887 3113 985 3152; x_wconf 88' lang='lat' dir='ltr'><strong>mense</strong></span> 
     </span>
    </p>
   </div>
   <div class='ocr_carea' id='block_1_9' title="bbox 143 3171 986 3260">
    <p class='ocr_par' dir='ltr' id='par_1_10' title="bbox 143 3171 986 3260">
     <span class='ocr_line' id='line_1_39' title="bbox 143 3171 986 3260; baseline 0.001 -28"><span class='ocrx_word' id='word_1_303' title='bbox 143 3171 240 3252; x_wconf 85' lang='lat' dir='ltr'><strong>Aprili</strong></span> <span class='ocrx_word' id='word_1_304' title='bbox 264 3181 350 3252; x_wconf 89' lang='lat' dir='ltr'><strong>atque</strong></span> <span class='ocrx_word' id='word_1_305' title='bbox 374 3173 459 3247; x_wconf 88' lang='lat' dir='ltr'><strong>Maio,</strong></span> <span class='ocrx_word' id='word_1_306' title='bbox 475 3180 547 3246; x_wconf 93' lang='lat' dir='ltr'><strong>tum,</strong></span> <span class='ocrx_word' id='word_1_307' title='bbox 562 3192 628 3260; x_wconf 84' lang='lat' dir='ltr'><strong>cum</strong></span> <span class='ocrx_word' id='word_1_308' title='bbox 652 3174 737 3256; x_wconf 88' lang='lat' dir='ltr'><strong>etiam</strong></span> <span class='ocrx_word' id='word_1_309' title='bbox 760 3173 888 3253; x_wconf 82' lang='lat' dir='ltr'><strong>Capuam</strong></span> <span class='ocrx_word' id='word_1_310' title='bbox 911 3175 986 3233; x_wconf 86' lang='lat' dir='ltr'><strong>eolo.-</strong></span> 
     </span>
    </p>
   </div>
   <div class='ocr_carea' id='block_1_10' title="bbox 0 0 1126 3418">
    <p class='ocr_par' dir='ltr' id='par_1_11' title="bbox 0 0 1126 3418">
     <span class='ocr_line' id='line_1_40' title="bbox 0 0 1126 3418; baseline 0 0"><span class='ocrx_word' id='word_1_311' title='bbox 0 0 1126 3418; x_wconf 95' lang='lat' dir='ltr'><strong> </strong></span> 
     </span>
    </p>
   </div>
  </div>
 </body>
</html>
