2262 3412
405 127 763 192 car.1x.-x1.,srr-2c.
848 103 878 144 ³
974 134 1007 183 ce

166 230 271 312 partim
286 230 370 290 eiecit
386 249 422 288 ex
437 219 678 308 civitatensium
694 231 848 290 interemit
890 229 943 292 On.
954 195 1068 322 Oc-‘hll

157 313 259 370 'tevins
273 310 372 369 consul
386 310 472 368 armis
482 309 592 387 expulit
606 330 640 369 ex
654 311 724 369 urbe
735 312 890 389 collegamt
912 314 1007 372 omnis

165 391 213 449 hic
233 391 313 449 locus
334 390 440 448 acervis
461 409 613 467 corporum
634 398 664 449 et
684 391 790 448 civium
812 393 952 470 sanguine
966 414 1029 464 re¹

165 471 314 530 dundavit
349 469 501 547 Superevit
515 477 615 547 postea
628 471 723 528 Cinna
733 491 806 546 cuiq·
813 471 921 552 Mario:
943 480 1006 531 tum
1019 441 1078 539 ll&

165 570 241 622 vero,
253 550 415 608 clarissimis
433 550 500 607 viris
516 533 806 624 interfectisffffmina
821 552 945 610 civitatis
961 559 1016 611 eu-¹
1118 581 1121 585 ·

166 631 271 688 stincta
285 637 359 688 sunt
401 629 490 688 Ultus
504 635 547 688 est
560 630 646 688 huius
659 631 795 689 victoriae
809 631 1007 690 crudelitatem

165 717 266 789 postea
279 708 411 782 Sullane
422 709 479 766 dici
494 709 611 787 quidem
622 729 695 787 opus
708 718 752 769 est
763 719 870 789 quanta
878 711 1007 770 deminu-

165 790 245 848 tione
259 790 365 848 civium
379 796 409 848 et
423 797 529 867 quanta
543 789 703 848 calamitate
717 791 758 848 rei
772 791 910 868 publicae.
941 791 1007 850 Dis
1032 850 1037 857 ,

166 870 255 928 sensit
271 870 309 928 M.
384 869 449 928 idus
465 889 483 930 a
498 870 654 928 clarissimo
671 877 700 929 et
716 870 875 928 fortissimo
892 871 954 928 viro
971 871 1005 942 Q„
1023 871 1073 972 ng

164 948 286 1008 Catulo:
308 955 351 1008 att
393 957 407 1007 t
420 969 479 1008 non
496 957 556 1007 tarn
571 950 662 1027 ipsius
675 950 808 1008 interitus
821 951 863 1008 rei
876 943 1009 1028 publicffi

166 1009 276 1087 nasum
291 1033 377 1108 qu'am
391 1017 579 1122 ceteromm)
591 1036 638 1087 25.
653 1029 752 1108 Atque
762 1030 827 1089 illae
840 1037 937 1088 tamen
948 1051 1008 1090 om·

167 1128 218 1167 nes
234 1109 424 1167 dissensiones
441 1116 521 1167 erant
534 1128 595 1167 crus
611 1108 846 1182 modi,‘Qnirites,
860 1128 932 1187 quae
948 1131 1007 1168 non

168 1189 205 1246 ad
226 1188 384 1261 delendam,
397 1189 450 1247 sed
470 1189 508 1246 ad
528 1190 761 1247 commutandam
781 1209 842 1247 rem
863 1190 1008 1267 publicam

168 1269 359 1354 pertinerent:
380 1289 439 1327 non
455 1268 497 1327 illi
514 1269 621 1327 nullam
638 1288 699 1326 esse
712 1288 773 1327 rem
789 1269 942 1347 publicam,
958 1271 1009 1328 sed

168 1349 199 1406 in
213 1367 254 1420 ea,
267 1368 339 1425 quae
352 1355 433 1430 esset,
446 1369 476 1406 se
487 1368 547 1407 esse
557 1349 708 1426 principes,
720 1367 813 1427 neque
823 1348 897 1406 hanc
907 1349 1008 1408 urbem

168 1428 350 1506 conflagrare,
368 1429 419 1487 sed
442 1448 472 1486 se
495 1430 527 1486 in
553 1429 607 1486 hcc
631 1429 701 1510 urbe
724 1428 824 1487 florere
848 1428 1007 1489 voluerunt

170 1503 281 1587 [Atque
291 1509 356 1566 illae
370 1515 466 1566 tamen
477 1527 577 1567 omnes
588 1508 786 1580 dissensiones,
799 1528 918 1586 quarum
930 1509 1010 1567 nulla

169 1589 289 1646 exitium
305 1589 347 1646 rei
360 1588 491 1666 publicae
507 1589 655 1666 quaesivit,
667 1589 728 1647 eius
743 1589 825 1646 modi
838 1590 964 1662 fuerunt,
976 1596 1009 1647 ut

168 1687 228 1726 non
248 1668 479 1732 reconciliatione
499 1669 676 1741 concordiae,
692 1669 741 1726 sed
762 1669 951 1727 internicione
972 1670 1010 1727 ci-

165 1749 248 1806 vium
263 1747 435 1806 diiudicatae
452 1746 531 1826 sint]
572 1748 607 1806 In
621 1748 677 1806 hoc
691 1755 787 1806 autem
804 1769 862 1807 uno
879 1756 946 1826 post
959 1749 1010 1806 ho·

169 1829 281 1885 minum
305 1829 475 1886 memoriam
498 1828 625 1886 maximo
650 1828 902 1907 crudelissimoque
923 1829 1008 1901 bello,
1084 1846 1087 1852 ·

170 1907 253 1984 quale
266 1907 373 1966 bellum
390 1907 468 1964 nulla
481 1927 617 1984 umquam
631 1907 761 1965 barbaria
777 1927 843 1966 cum
858 1929 908 1966 sna
924 1916 1010 1986 gente
1101 1957 1108 1975 ,

170 1987 267 2063 gessit,
280 2005 337 2064 quo
351 1987 382 2043 in
396 1986 471 2044 bello
485 1986 531 2043 lex
545 1986 615 2044 haec
628 1987 686 2044 fuit
702 2007 720 2044 a
733 1987 863 2060 Lentulo,
876 1987 1008 2061 Catilina,

170 2065 310 2143 Cethego,
322 2065 421 2122 Cassio
438 2067 602 2136 constituta,
614 2073 647 2124 ut
661 2085 768 2137 omnes,
781 2068 831 2144 qni
848 2067 927 2124 salva
939 2067 1010 2126 urbe

171 2145 241 2202 salvi
252 2163 312 2202 esse
347 2151 451 2217 ossent,
463 2145 493 2202 iu
507 2145 634 2203 hostium
648 2165 767 2203 numero
782 2146 960 2218 ducerentur,
970 2147 1012 2205 ita

171 2243 218 2282 me
231 2223 315 2302 gessi,
355 2225 461 2297 uirites,
472 2231 506 2283 ut
517 2223 586 2282 salvi
600 2244 700 2282 omnes
714 2220 960 2298 conservaremini,
972 2233 1010 2299 et,

171 2323 237 2362 cum
253 2304 350 2362 hostes
366 2304 452 2362 vestri
468 2303 707 2382 tantnm‘ciyium
729 2305 944 2382 superfuturum
961 2325 1012 2382 pu·
1102 2375 1105 2380 Ι

171 2391 286 2455 tassent,
297 2391 436 2462 quantum
448 2383 576 2442 infinitae
586 2384 666 2442 caedi
675 2385 833 2456 restitisset,
840 2393 954 2442 tantum
965 2405 1013 2442 au-

171 2469 230 2523 tein
239 2455 335 2538 Trrbis,
351 2472 490 2542 quantum
510 2449 967 2558 flammaobire'non'spoQnget
983 2472 1012 2524 et

171 2543 272 2602 urbem
286 2551 316 2602 et
329 2545 404 2603 cives
417 2545 545 2622 integros
559 2543 773 2622 incolumesque
787 2564 903 2604 servam

211 2623 264 2682 XI.
301 2631 348 2682 26.
361 2623 472 2694 Quibus
485 2625 637 2702 protentis
651 2624 742 2696 rebus,
755 2624 889 2696 Quirites,
900 2625 1012 2683 nullum

172 2723 226 2781 ego
241 2723 258 2760 a
271 2703 353 2762 vobis
366 2705 661 2781 praemium-virtutis,
673 2703 783 2762 nullum
798 2704 909 2782 insigne
923 2705 1013 2763 hono-

172 2785 218 2855 ris,
230 2783 342 2841 nullum
352 2790 572 2860 monumentum
582 2783 675 2842 laudis
688 2785 803 2862 postulo
814 2792 1012 2862 praeterquam

172 2862 258 2921 huius
274 2862 333 2921 diei
348 2859 521 2926 memoriam
535 2864 746 2942 sempiternam.
787 2864 823 2922 In
837 2865 941 2922 animis
957 2883 1012 2941 ego

109 2962 111 2966 ·
173 2944 274 3001 vestris
285 2962 384 3001 omnes
398 2943 561 3021 triumphos
573 2963 662 3014 meos,
674 2944 773 3001 omnia
786 2951 953 3001 ornamenta
962 2943 1013 3000 ho·

173 3023 259 3094 morie,
275 3030 462 3081 monumenta
484 3022 601 3099 gloriae,
616 3023 708 3085 laudis
729 3023 854 3100 insignia
877 3023 1013 3080 condiet

174 3102 306 3160 collocari
326 3102 400 3161 volo.
443 3102 524 3161 Nihil
544 3122 591 3160 me
611 3111 725 3160 mutum
745 3109 842 3180 potest
863 3100 1011 3174 delectare,

174 3181 246 3240 nihil
267 3182 396 3256 tacitum,
408 3182 479 3240 nihil
501 3183 625 3260 denique
641 3183 702 3240 cius
722 3182 811 3254 modi,
827 3181 904 3259 quod
925 3183 1012 3240 etiam
