<?xml version="1.0" encoding="UTF-8"?>
<!DOCTYPE html PUBLIC "-//W3C//DTD XHTML 1.0 Transitional//EN"
    "http://www.w3.org/TR/xhtml1/DTD/xhtml1-transitional.dtd">
<html xmlns="http://www.w3.org/1999/xhtml" xml:lang="en" lang="en">
 <head>
  <title>
</title>
<meta http-equiv="Content-Type" content="text/html;charset=utf-8" />
  <meta name='ocr-system' content='tesseract 3.04.00' />
  <meta name='ocr-capabilities' content='ocr_page ocr_carea ocr_par ocr_line ocrx_word'/>
</head>
<body>
  <div class='ocr_page' id='page_1' title='image "./mtulliiciceroni99cicegoog/mtulliiciceroni99cicegoog_0294.png"; bbox 0 0 2240 3418; ppageno 0'>
   <div class='ocr_carea' id='block_1_1' title="bbox 55 99 1069 166">
    <p class='ocr_par' dir='ltr' id='par_1_1' title="bbox 55 99 1069 166">
     <span class='ocr_line' id='line_1_1' title="bbox 55 99 1069 166; baseline 0 -2"><span class='ocrx_word' id='word_1_1' title='bbox 55 125 61 138; x_wconf 94' lang='lat'><strong>·</strong></span> <span class='ocrx_word' id='word_1_2' title='bbox 116 111 167 165; x_wconf 74' lang='lat' dir='ltr'><strong>sse</strong></span> <span class='ocrx_word' id='word_1_3' title='bbox 194 114 235 166; x_wconf 85' lang='lat' dir='ltr'><strong>m</strong></span> <span class='ocrx_word' id='word_1_4' title='bbox 248 107 490 166; x_wconf 56' lang='lat' dir='ltr'><strong>mennonium</strong></span> <span class='ocrx_word' id='word_1_5' title='bbox 504 107 867 165; x_wconf 71' lang='lat' dir='ltr'><strong>enarrounrmrmen</strong></span> <span class='ocrx_word' id='word_1_6' title='bbox 877 111 952 164; x_wconf 79' lang='lat' dir='ltr'><strong>mr.</strong></span> <span class='ocrx_word' id='word_1_7' title='bbox 1064 99 1069 110; x_wconf 84' lang='grc'><strong>’</strong></span> 
     </span>
    </p>
   </div>
   <div class='ocr_carea' id='block_1_2' title="bbox 99 207 960 532">
    <p class='ocr_par' dir='ltr' id='par_1_2' title="bbox 99 207 960 532">
     <span class='ocr_line' id='line_1_2' title="bbox 118 207 959 294; baseline -0.002 -20"><span class='ocrx_word' id='word_1_8' title='bbox 118 214 206 289; x_wconf 84' lang='lat' dir='ltr'><strong>illam,</strong></span> <span class='ocrx_word' id='word_1_9' title='bbox 218 232 291 294; x_wconf 90' lang='lat' dir='ltr'><strong>quae</strong></span> <span class='ocrx_word' id='word_1_10' title='bbox 310 214 410 274; x_wconf 81' lang='lat' dir='ltr'><strong>relicto</strong></span> <span class='ocrx_word' id='word_1_11' title='bbox 423 211 556 294; x_wconf 83' lang='lat' dir='ltr'><strong>Antonio</strong></span> <span class='ocrx_word' id='word_1_12' title='bbox 571 231 603 272; x_wconf 88' lang='lat' dir='ltr'><strong>se</strong></span> <span class='ocrx_word' id='word_1_13' title='bbox 622 212 694 271; x_wconf 87' lang='lat' dir='ltr'><strong>olim</strong></span> <span class='ocrx_word' id='word_1_14' title='bbox 714 207 780 272; x_wconf 85' lang='lat' dir='ltr'><strong>eum</strong></span> <span class='ocrx_word' id='word_1_15' title='bbox 796 207 901 272; x_wconf 81' lang='lat' dir='ltr'><strong>Martie</strong></span> <span class='ocrx_word' id='word_1_16' title='bbox 919 212 959 272; x_wconf 67' lang='lat' dir='ltr'><strong>le‘</strong></span> 
     </span>
     <span class='ocr_line' id='line_1_3' title="bbox 99 293 959 373; baseline -0.005 -19"><span class='ocrx_word' id='word_1_17' title='bbox 99 296 205 373; x_wconf 77' lang='lat' dir='ltr'><strong>,gione</strong></span> <span class='ocrx_word' id='word_1_18' title='bbox 219 295 377 366; x_wconf 85' lang='lat' dir='ltr'><strong>coniunxit,</strong></span> <span class='ocrx_word' id='word_1_19' title='bbox 387 300 418 352; x_wconf 88' lang='lat' dir='ltr'><strong>et</strong></span> <span class='ocrx_word' id='word_1_20' title='bbox 431 295 593 372; x_wconf 75' lang='lat' dir='ltr'>septimam,</span> <span class='ocrx_word' id='word_1_21' title='bbox 603 309 677 371; x_wconf 87' lang='lat' dir='ltr'><strong>quae</strong></span> <span class='ocrx_word' id='word_1_22' title='bbox 691 293 851 352; x_wconf 83' lang='lat' dir='ltr'><strong>constituta</strong></span> <span class='ocrx_word' id='word_1_23' title='bbox 861 311 899 370; x_wconf 81' lang='lat' dir='ltr'><strong>er</strong></span> <span class='ocrx_word' id='word_1_24' title='bbox 911 307 959 350; x_wconf 84' lang='lat' dir='ltr'><strong>ve-</strong></span> 
     </span>
     <span class='ocr_line' id='line_1_4' title="bbox 119 369 960 453; baseline -0.005 -20"><span class='ocrx_word' id='word_1_25' title='bbox 119 375 225 433; x_wconf 83' lang='lat' dir='ltr'><strong>teranis</strong></span> <span class='ocrx_word' id='word_1_26' title='bbox 241 373 341 432; x_wconf 81' lang='lat' dir='ltr'><strong>(locuit</strong></span> <span class='ocrx_word' id='word_1_27' title='bbox 355 374 411 450; x_wconf 86' lang='lat' dir='ltr'><strong>hoc</strong></span> <span class='ocrx_word' id='word_1_28' title='bbox 427 372 537 453; x_wconf 90' lang='lat' dir='ltr'><strong>proelio</strong></span> <span class='ocrx_word' id='word_1_29' title='bbox 552 372 694 431; x_wconf 79' lang='lat' dir='ltr'><strong>militibus</strong></span> <span class='ocrx_word' id='word_1_30' title='bbox 710 372 754 444; x_wconf 84' lang='lat' dir='ltr'><strong>iis,</strong></span> <span class='ocrx_word' id='word_1_31' title='bbox 766 373 817 450; x_wconf 87' lang='lat' dir='ltr'><strong>qui</strong></span> <span class='ocrx_word' id='word_1_32' title='bbox 829 369 960 430; x_wconf 77' lang='lat' dir='ltr'><strong>(laeseris</strong></span> 
     </span>
     <span class='ocr_line' id='line_1_5' title="bbox 119 451 960 532; baseline -0.004 -20"><span class='ocrx_word' id='word_1_33' title='bbox 119 453 257 512; x_wconf 88' lang='lat' dir='ltr'><strong>beneficia</strong></span> <span class='ocrx_word' id='word_1_34' title='bbox 266 459 432 525; x_wconf 85' lang='lat' dir='ltr'><strong>servassent,</strong></span> <span class='ocrx_word' id='word_1_35' title='bbox 440 459 554 511; x_wconf 86' lang='lat' dir='ltr'><strong>senatus</strong></span> <span class='ocrx_word' id='word_1_36' title='bbox 562 451 718 532; x_wconf 88' lang='lat' dir='ltr'><strong>populique</strong></span> <span class='ocrx_word' id='word_1_37' title='bbox 726 452 851 510; x_wconf 86' lang='lat' dir='ltr'><strong>Romani</strong></span> <span class='ocrx_word' id='word_1_38' title='bbox 860 463 960 510; x_wconf 86' lang='lat' dir='ltr'><strong>carum</strong></span> 
     </span>
    </p>
   </div>
   <div class='ocr_carea' id='block_1_3' title="bbox 33 527 959 610">
    <p class='ocr_par' dir='ltr' id='par_1_3' title="bbox 33 527 959 610">
     <span class='ocr_line' id='line_1_6' title="bbox 33 527 959 610; baseline -0.001 -20"><span class='ocrx_word' id='word_1_39' title='bbox 33 585 35 590; x_wconf 81' lang='grc'>,</span> <span class='ocrx_word' id='word_1_40' title='bbox 119 553 226 592; x_wconf 86' lang='lat' dir='ltr'><strong>nomen</strong></span> <span class='ocrx_word' id='word_1_41' title='bbox 240 553 308 592; x_wconf 88' lang='lat' dir='ltr'><strong>esse.</strong></span> <span class='ocrx_word' id='word_1_42' title='bbox 350 533 407 591; x_wconf 91' lang='lat' dir='ltr'><strong>His</strong></span> <span class='ocrx_word' id='word_1_43' title='bbox 419 533 524 610; x_wconf 85' lang='lat' dir='ltr'><strong>viginti</strong></span> <span class='ocrx_word' id='word_1_44' title='bbox 539 528 714 603; x_wconf 75' lang='lat' dir='ltr'><strong>cohortibus,</strong></span> <span class='ocrx_word' id='word_1_45' title='bbox 725 527 809 590; x_wconf 85' lang='lat' dir='ltr'><strong>nullo</strong></span> <span class='ocrx_word' id='word_1_46' title='bbox 818 532 959 610; x_wconf 84' lang='lat' dir='ltr'><strong>equitatu,</strong></span> 
     </span>
    </p>
   </div>
   <div class='ocr_carea' id='block_1_4' title="bbox 76 611 983 1965">
    <p class='ocr_par' dir='ltr' id='par_1_4' title="bbox 76 611 983 1965">
     <span class='ocr_line' id='line_1_7' title="bbox 120 611 960 692; baseline -0.001 -21"><span class='ocrx_word' id='word_1_47' title='bbox 120 613 235 672; x_wconf 87' lang='lat' dir='ltr'><strong>Hirtius</strong></span> <span class='ocrx_word' id='word_1_48' title='bbox 250 614 312 691; x_wconf 89' lang='lat' dir='ltr'><strong>ipse</strong></span> <span class='ocrx_word' id='word_1_49' title='bbox 333 611 458 690; x_wconf 77' lang='lat' dir='ltr'><strong>aquilam</strong></span> <span class='ocrx_word' id='word_1_50' title='bbox 475 619 592 690; x_wconf 83' lang='lat' dir='ltr'><strong>quartae</strong></span> <span class='ocrx_word' id='word_1_51' title='bbox 607 611 730 692; x_wconf 85' lang='lat' dir='ltr'><strong>legionis</strong></span> <span class='ocrx_word' id='word_1_52' title='bbox 747 611 960 690; x_wconf 76' lang='lat' dir='ltr'><strong>cum&#39;inferret,</strong></span> 
     </span>
     <span class='ocr_line' id='line_1_8' title="bbox 120 691 962 772; baseline -0.005 -20"><span class='ocrx_word' id='word_1_53' title='bbox 120 698 178 772; x_wconf 82' lang='lat' dir='ltr'><strong>que</strong></span> <span class='ocrx_word' id='word_1_54' title='bbox 196 693 302 752; x_wconf 88' lang='lat' dir='ltr'><strong>nullius</strong></span> <span class='ocrx_word' id='word_1_55' title='bbox 318 693 496 772; x_wconf 77' lang='lat' dir='ltr'><strong>pneriorem:</strong></span> <span class='ocrx_word' id='word_1_56' title='bbox 510 691 640 770; x_wconf 77' lang='lat' dir='ltr'><strong>speciem</strong></span> <span class='ocrx_word' id='word_1_57' title='bbox 651 691 833 770; x_wconf 83' lang='lat' dir='ltr'><strong>imperatoris</strong></span> <span class='ocrx_word' id='word_1_58' title='bbox 850 691 962 769; x_wconf 81' lang='lat' dir='ltr'><strong>accepi-</strong></span> 
     </span>
     <span class='ocr_line' id='line_1_9' title="bbox 119 771 962 852; baseline -0.002 -22"><span class='ocrx_word' id='word_1_59' title='bbox 119 791 193 846; x_wconf 91' lang='lat' dir='ltr'><strong>mus,</strong></span> <span class='ocrx_word' id='word_1_60' title='bbox 203 789 270 832; x_wconf 90' lang='lat' dir='ltr'><strong>cum</strong></span> <span class='ocrx_word' id='word_1_61' title='bbox 279 772 372 831; x_wconf 87' lang='lat' dir='ltr'><strong>tribus</strong></span> <span class='ocrx_word' id='word_1_62' title='bbox 382 771 506 830; x_wconf 83' lang='lat' dir='ltr'>Antonii</span> <span class='ocrx_word' id='word_1_63' title='bbox 519 771 681 852; x_wconf 81' lang='lat' dir='ltr'><strong>legionibus</strong></span> <span class='ocrx_word' id='word_1_64' title='bbox 694 771 881 849; x_wconf 86' lang='lat' dir='ltr'><strong>equitatuque</strong></span> <span class='ocrx_word' id='word_1_65' title='bbox 894 785 962 829; x_wconf 90' lang='lat' dir='ltr'><strong>con·</strong></span> 
     </span>
     <span class='ocr_line' id='line_1_10' title="bbox 120 847 983 931; baseline 0.001 -22"><span class='ocrx_word' id='word_1_66' title='bbox 120 851 204 925; x_wconf 80' lang='lat' dir='ltr'><strong>flixit,</strong></span> <span class='ocrx_word' id='word_1_67' title='bbox 215 852 369 931; x_wconf 73' lang='lat' dir='ltr'><strong>hostesque</strong></span> <span class='ocrx_word' id='word_1_68' title='bbox 388 847 605 924; x_wconf 71' lang='lat' dir='ltr'><strong>nefarioqhuic</strong></span> <span class='ocrx_word' id='word_1_69' title='bbox 620 850 699 910; x_wconf 87' lang='lat' dir='ltr'><strong>Iovis</strong></span> <span class='ocrx_word' id='word_1_70' title='bbox 718 851 823 929; x_wconf 87' lang='lat' dir='ltr'><strong>optimi</strong></span> <span class='ocrx_word' id='word_1_71' title='bbox 840 849 962 910; x_wconf 86' lang='lat' dir='ltr'><strong>maximi</strong></span> <span class='ocrx_word' id='word_1_72' title='bbox 979 872 983 878; x_wconf 76' lang='grc'>’</span> 
     </span>
     <span class='ocr_line' id='line_1_11' title="bbox 121 929 960 1010; baseline -0.002 -20"><span class='ocrx_word' id='word_1_73' title='bbox 121 933 278 1010; x_wconf 86' lang='lat' dir='ltr'><strong>ceterisque</strong></span> <span class='ocrx_word' id='word_1_74' title='bbox 291 933 411 990; x_wconf 90' lang='lat' dir='ltr'><strong>deorum</strong></span> <span class='ocrx_word' id='word_1_75' title='bbox 424 929 638 1010; x_wconf 84' lang='lat' dir='ltr'><strong>immortalium.</strong></span> <span class='ocrx_word' id='word_1_76' title='bbox 643 931 768 1010; x_wconf 85' lang='lat' dir='ltr'><strong>templis,</strong></span> <span class='ocrx_word' id='word_1_77' title='bbox 778 930 857 989; x_wconf 92' lang='lat' dir='ltr'><strong>urbis</strong></span> <span class='ocrx_word' id='word_1_78' title='bbox 866 931 960 1002; x_wconf 85' lang='lat' dir='ltr'><strong>tectis,</strong></span> 
     </span>
     <span class='ocr_line' id='line_1_12' title="bbox 76 1010 962 1094; baseline -0.003 -23"><span class='ocrx_word' id='word_1_79' title='bbox 76 1081 82 1094; x_wconf 45' lang='grc'>,</span> <span class='ocrx_word' id='word_1_80' title='bbox 121 1011 247 1073; x_wconf 77' lang='lat' dir='ltr'>libertati</span> <span class='ocrx_word' id='word_1_81' title='bbox 267 1011 369 1091; x_wconf 83' lang='lat' dir='ltr'><strong>populi</strong></span> <span class='ocrx_word' id='word_1_82' title='bbox 381 1011 522 1084; x_wconf 79' lang='lat' dir='ltr'><strong>Romani,</strong></span> <span class='ocrx_word' id='word_1_83' title='bbox 535 1019 654 1070; x_wconf 87' lang='lat' dir='ltr'><strong>nostrae</strong></span> <span class='ocrx_word' id='word_1_84' title='bbox 673 1011 750 1070; x_wconf 82' lang='lat' dir='ltr'><strong>vitae</strong></span> <span class='ocrx_word' id='word_1_85' title='bbox 771 1010 962 1090; x_wconf 71' lang='lat' dir='ltr'><strong>sanguinique</strong></span> 
     </span>
     <span class='ocr_line' id='line_1_13' title="bbox 122 1089 963 1172; baseline -0.001 -23"><span class='ocrx_word' id='word_1_86' title='bbox 122 1091 305 1150; x_wconf 77' lang='lat' dir='ltr'><strong>imminentes</strong></span> <span class='ocrx_word' id='word_1_87' title='bbox 324 1089 584 1170; x_wconf 67' lang='lat' dir='ltr'><strong>prostravitiudit,</strong></span> <span class='ocrx_word' id='word_1_88' title='bbox 595 1090 712 1172; x_wconf 71' lang='lat' dir='ltr'><strong>occidit,</strong></span> <span class='ocrx_word' id='word_1_89' title='bbox 723 1097 758 1150; x_wconf 85' lang='lat' dir='ltr'><strong>ut</strong></span> <span class='ocrx_word' id='word_1_90' title='bbox 776 1109 843 1150; x_wconf 91' lang='lat' dir='ltr'><strong>cum</strong></span> <span class='ocrx_word' id='word_1_91' title='bbox 864 1091 963 1149; x_wconf 79' lang='lat' dir='ltr'><strong>admo</strong></span> 
     </span>
     <span class='ocr_line' id='line_1_14' title="bbox 122 1170 963 1250; baseline -0.001 -21"><span class='ocrx_word' id='word_1_92' title='bbox 122 1170 192 1229; x_wconf 85' lang='lat' dir='ltr'><strong>dum</strong></span> <span class='ocrx_word' id='word_1_93' title='bbox 208 1171 316 1250; x_wconf 88' lang='lat' dir='ltr'><strong>paucis,</strong></span> <span class='ocrx_word' id='word_1_94' title='bbox 327 1178 413 1230; x_wconf 87' lang='lat' dir='ltr'><strong>nocte</strong></span> <span class='ocrx_word' id='word_1_95' title='bbox 430 1178 531 1246; x_wconf 84' lang='lat' dir='ltr'><strong>tectus,</strong></span> <span class='ocrx_word' id='word_1_96' title='bbox 542 1179 627 1230; x_wconf 83' lang='lat' dir='ltr'><strong>metu</strong></span> <span class='ocrx_word' id='word_1_97' title='bbox 641 1170 817 1249; x_wconf 85' lang='lat' dir='ltr'><strong>perterritus,</strong></span> <span class='ocrx_word' id='word_1_98' title='bbox 828 1170 963 1250; x_wconf 85' lang='lat' dir='ltr'><strong>princeps</strong></span> 
     </span>
     <span class='ocr_line' id='line_1_15' title="bbox 122 1250 963 1330; baseline 0 -22"><span class='ocrx_word' id='word_1_99' title='bbox 122 1251 266 1310; x_wconf 83' lang='lat' dir='ltr'><strong>latronum</strong></span> <span class='ocrx_word' id='word_1_100' title='bbox 282 1251 405 1330; x_wconf 85' lang='lat' dir='ltr'><strong>duxque·</strong></span> <span class='ocrx_word' id='word_1_101' title='bbox 415 1251 531 1328; x_wconf 73' lang='lat' dir='ltr'><strong>fugerit.</strong></span> <span class='ocrx_word' id='word_1_102' title='bbox 572 1250 706 1328; x_wconf 61' lang='lat' dir='ltr'><strong>Ofsolem</strong></span> <span class='ocrx_word' id='word_1_103' title='bbox 722 1251 820 1330; x_wconf 85' lang='lat' dir='ltr'><strong>ipsum</strong></span> <span class='ocrx_word' id='word_1_104' title='bbox 834 1250 963 1310; x_wconf 75' lang='lat' dir='ltr'><strong>beatissi-</strong></span> 
     </span>
     <span class='ocr_line' id='line_1_16' title="bbox 121 1328 963 1410; baseline 0 -22"><span class='ocrx_word' id='word_1_105' title='bbox 121 1349 212 1403; x_wconf 89' lang='lat' dir='ltr'><strong>mum,</strong></span> <span class='ocrx_word' id='word_1_106' title='bbox 225 1328 283 1410; x_wconf 87' lang='lat' dir='ltr'><strong>qui,</strong></span> <span class='ocrx_word' id='word_1_107' title='bbox 295 1337 361 1388; x_wconf 86' lang='lat' dir='ltr'><strong>ante</strong></span> <span class='ocrx_word' id='word_1_108' title='bbox 378 1345 464 1410; x_wconf 88' lang='lat' dir='ltr'><strong>quarn</strong></span> <span class='ocrx_word' id='word_1_109' title='bbox 481 1349 512 1388; x_wconf 90' lang='lat' dir='ltr'><strong>se</strong></span> <span class='ocrx_word' id='word_1_110' title='bbox 531 1329 657 1402; x_wconf 76' lang='lat' dir='ltr'><strong>abderet,</strong></span> <span class='ocrx_word' id='word_1_111' title='bbox 666 1328 765 1397; x_wconf 75' lang='lat' dir='ltr'><strong>stratis</strong></span> <span class='ocrx_word' id='word_1_112' title='bbox 778 1329 963 1408; x_wconf 80' lang='lat' dir='ltr'><strong>cadaveribus</strong></span> 
     </span>
     <span class='ocr_line' id='line_1_17' title="bbox 122 1403 962 1489; baseline 0 -21"><span class='ocrx_word' id='word_1_113' title='bbox 122 1409 328 1488; x_wconf 85' lang='lat' dir='ltr'><strong>parricidarum</strong></span> <span class='ocrx_word' id='word_1_114' title='bbox 338 1429 405 1467; x_wconf 90' lang='lat' dir='ltr'><strong>cum</strong></span> <span class='ocrx_word' id='word_1_115' title='bbox 415 1409 514 1488; x_wconf 89' lang='lat' dir='ltr'><strong>paucis</strong></span> <span class='ocrx_word' id='word_1_116' title='bbox 526 1403 689 1487; x_wconf 73' lang='lat' dir='ltr'><strong>fugientem</strong></span> <span class='ocrx_word' id='word_1_117' title='bbox 699 1409 774 1468; x_wconf 81' lang='lat' dir='ltr'><strong>vitlit&#39;</strong></span> <span class='ocrx_word' id='word_1_118' title='bbox 782 1410 944 1489; x_wconf 81' lang='lat' dir='ltr'><strong>Antonium</strong></span> <span class='ocrx_word' id='word_1_119' title='bbox 954 1411 962 1468; x_wconf 93' lang='lat' dir='ltr'><strong>l</strong></span> 
     </span>
     <span class='ocr_line' id='line_1_18' title="bbox 123 1483 962 1625; baseline 0.001 -79"><span class='ocrx_word' id='word_1_120' title='bbox 123 1496 171 1548; x_wconf 72' lang='lat'><strong>28.</strong></span> <span class='ocrx_word' id='word_1_121' title='bbox 186 1489 236 1548; x_wconf 87' lang='lat' dir='ltr'><strong>An</strong></span> <span class='ocrx_word' id='word_1_122' title='bbox 248 1508 316 1549; x_wconf 90' lang='lat' dir='ltr'><strong>vero</strong></span> <span class='ocrx_word' id='word_1_123' title='bbox 330 1487 482 1567; x_wconf 86' lang='lat' dir='ltr'><strong>quisquam</strong></span> <span class='ocrx_word' id='word_1_124' title='bbox 495 1486 641 1571; x_wconf 79' lang='lat' dir='ltr'><strong>dubitebit</strong></span> <span class='ocrx_word' id='word_1_125' title='bbox 656 1483 799 1625; x_wconf 56' lang='lat' dir='ltr'><strong>epqeilere</strong></span> <span class='ocrx_word' id='word_1_126' title='bbox 812 1488 962 1568; x_wconf 77' lang='lat' dir='ltr'><strong>Caesarem</strong></span> 
     </span>
     <span class='ocr_line' id='line_1_19' title="bbox 123 1568 964 1648; baseline 0 -20"><span class='ocrx_word' id='word_1_127' title='bbox 123 1569 345 1648; x_wconf 81' lang='lat' dir='ltr'><strong>imperatoreml</strong></span> <span class='ocrx_word' id='word_1_128' title='bbox 377 1568 468 1628; x_wconf 86' lang='lat' dir='ltr'><strong>Aetas</strong></span> <span class='ocrx_word' id='word_1_129' title='bbox 480 1569 633 1628; x_wconf 77' lang='lat' dir='ltr'><strong>eiuseerte</strong></span> <span class='ocrx_word' id='word_1_130' title='bbox 644 1568 680 1633; x_wconf 79' lang='lat' dir='ltr'><strong>ab</strong></span> <span class='ocrx_word' id='word_1_131' title='bbox 715 1587 748 1626; x_wconf 86' lang='lat' dir='ltr'><strong>aa</strong></span> <span class='ocrx_word' id='word_1_132' title='bbox 759 1569 964 1646; x_wconf 80' lang='lat' dir='ltr'><strong>sententiare-</strong></span> 
     </span>
     <span class='ocr_line' id='line_1_20' title="bbox 123 1643 964 1730; baseline -0.001 -23"><span class='ocrx_word' id='word_1_133' title='bbox 123 1650 233 1708; x_wconf 86' lang='lat' dir='ltr'><strong>minem</strong></span> <span class='ocrx_word' id='word_1_134' title='bbox 253 1648 415 1721; x_wconf 68' lang='lat' dir='ltr'><strong>deterrebit,</strong></span> <span class='ocrx_word' id='word_1_135' title='bbox 427 1644 545 1727; x_wconf 72' lang='lat' dir='ltr'><strong>quanclo&#39;</strong></span> <span class='ocrx_word' id='word_1_136' title='bbox 559 1648 677 1730; x_wconf 81' lang='lat' dir='ltr'><strong>quidem</strong></span> <span class='ocrx_word' id='word_1_137' title='bbox 693 1643 964 1726; x_wconf 70' lang='lat' dir='ltr'><strong>uirtutesupe&#39;ravit</strong></span> 
     </span>
     <span class='ocr_line' id='line_1_21' title="bbox 123 1727 964 1809; baseline -0.001 -22"><span class='ocrx_word' id='word_1_138' title='bbox 123 1727 255 1788; x_wconf 78' lang='lat' dir='ltr'><strong>aetatem.</strong></span> <span class='ocrx_word' id='word_1_139' title='bbox 286 1727 332 1786; x_wconf 91' lang='lat' dir='ltr'><strong>Ac</strong></span> <span class='ocrx_word' id='word_1_140' title='bbox 341 1728 415 1785; x_wconf 90' lang='lat' dir='ltr'><strong>mihi</strong></span> <span class='ocrx_word' id='word_1_141' title='bbox 425 1745 538 1805; x_wconf 86' lang='lat' dir='ltr'><strong>semper</strong></span> <span class='ocrx_word' id='word_1_142' title='bbox 545 1746 580 1786; x_wconf 91' lang='lat' dir='ltr'><strong>eo</strong></span> <span class='ocrx_word' id='word_1_143' title='bbox 588 1728 697 1809; x_wconf 80' lang='lat' dir='ltr'><strong>meiere</strong></span> <span class='ocrx_word' id='word_1_144' title='bbox 706 1727 847 1795; x_wconf 78' lang='lat' dir='ltr'><strong>beneficia</strong></span> <span class='ocrx_word' id='word_1_145' title='bbox 854 1727 964 1807; x_wconf 23' lang='lat' dir='ltr'><strong>0⁴an-</strong></span> 
     </span>
     <span class='ocr_line' id='line_1_22' title="bbox 124 1805 964 1886; baseline 0.001 -21"><span class='ocrx_word' id='word_1_146' title='bbox 124 1809 194 1866; x_wconf 85' lang='lat' dir='ltr'><strong>saris</strong></span> <span class='ocrx_word' id='word_1_147' title='bbox 207 1808 269 1865; x_wconf 84' lang='lat' dir='ltr'><strong>visa</strong></span> <span class='ocrx_word' id='word_1_148' title='bbox 283 1813 429 1884; x_wconf 73' lang='lat' dir='ltr'><strong>suntque</strong></span> <span class='ocrx_word' id='word_1_149' title='bbox 444 1807 541 1864; x_wconf 88' lang='lat' dir='ltr'><strong>minus</strong></span> <span class='ocrx_word' id='word_1_150' title='bbox 554 1814 636 1866; x_wconf 83' lang='lat' dir='ltr'><strong>erant</strong></span> <span class='ocrx_word' id='word_1_151' title='bbox 650 1805 687 1865; x_wconf 89' lang='lat' dir='ltr'><strong>ab</strong></span> <span class='ocrx_word' id='word_1_152' title='bbox 700 1813 800 1866; x_wconf 84' lang='lat' dir='ltr'><strong>aetate-</strong></span> <span class='ocrx_word' id='word_1_153' title='bbox 807 1807 856 1866; x_wconf 81' lang='lat' dir='ltr'><strong>ille</strong></span> <span class='ocrx_word' id='word_1_154' title='bbox 868 1811 964 1886; x_wconf 53' lang='lat' dir='ltr'><strong>portui</strong></span> 
     </span>
     <span class='ocr_line' id='line_1_23' title="bbox 124 1881 964 1965; baseline 0.001 -21"><span class='ocrx_word' id='word_1_155' title='bbox 124 1887 227 1945; x_wconf 86' lang='lat' dir='ltr'><strong>lenda:</strong></span> <span class='ocrx_word' id='word_1_156' title='bbox 249 1886 296 1944; x_wconf 91' lang='lat' dir='ltr'><strong>cui</strong></span> <span class='ocrx_word' id='word_1_157' title='bbox 309 1887 542 1964; x_wconf 85' lang='lat' dir='ltr'><strong>cumimperium</strong></span> <span class='ocrx_word' id='word_1_158' title='bbox 559 1881 964 1965; x_wconf 67' lang='lat' dir='ltr'><strong>dabamuqeod&#39;am-th&#39;mporc</strong></span> 
     </span>
    </p>
   </div>
   <div class='ocr_carea' id='block_1_5' title="bbox 125 1961 1068 2045">
    <p class='ocr_par' dir='ltr' id='par_1_5' title="bbox 125 1961 1068 2045">
     <span class='ocr_line' id='line_1_24' title="bbox 125 1961 1068 2045; baseline 0 -20"><span class='ocrx_word' id='word_1_159' title='bbox 125 1967 213 2025; x_wconf 84' lang='lat' dir='ltr'><strong>etiam</strong></span> <span class='ocrx_word' id='word_1_160' title='bbox 233 1983 315 2044; x_wconf 90' lang='lat' dir='ltr'><strong>spem</strong></span> <span class='ocrx_word' id='word_1_161' title='bbox 335 1967 397 2024; x_wconf 88' lang='lat' dir='ltr'><strong>eius</strong></span> <span class='ocrx_word' id='word_1_162' title='bbox 415 1967 542 2024; x_wconf 90' lang='lat' dir='ltr'><strong>nominis</strong></span> <span class='ocrx_word' id='word_1_163' title='bbox 562 1961 777 2025; x_wconf 81' lang='lat' dir='ltr'><strong>deferebamus:</strong></span> <span class='ocrx_word' id='word_1_164' title='bbox 796 1967 965 2045; x_wconf 78' lang='lat' dir='ltr'><strong>quod-eum</strong></span> <span class='ocrx_word' id='word_1_165' title='bbox 1064 2025 1068 2032; x_wconf 84' lang='grc'><em>,</em></span> 
     </span>
    </p>
   </div>
   <div class='ocr_carea' id='block_1_6' title="bbox 125 2039 969 3238">
    <p class='ocr_par' dir='ltr' id='par_1_6' title="bbox 125 2039 967 2840">
     <span class='ocr_line' id='line_1_25' title="bbox 126 2039 965 2124; baseline 0 -20"><span class='ocrx_word' id='word_1_166' title='bbox 126 2053 169 2124; x_wconf 88' lang='lat' dir='ltr'><strong>est</strong></span> <span class='ocrx_word' id='word_1_167' title='bbox 183 2052 359 2118; x_wconf 85' lang='lat' dir='ltr'><strong>consecutus,</strong></span> <span class='ocrx_word' id='word_1_168' title='bbox 371 2047 570 2105; x_wconf 87' lang='lat' dir='ltr'><strong>auctoritatem</strong></span> <span class='ocrx_word' id='word_1_169' title='bbox 580 2041 688 2104; x_wconf 83' lang='lat' dir='ltr'><strong>decreti</strong></span> <span class='ocrx_word' id='word_1_170' title='bbox 701 2047 793 2105; x_wconf 84' lang='lat' dir='ltr'><strong>nostri</strong></span> <span class='ocrx_word' id='word_1_171' title='bbox 806 2046 892 2106; x_wconf 80' lang='lat' dir='ltr'><strong>rebus</strong></span> <span class='ocrx_word' id='word_1_172' title='bbox 904 2039 965 2124; x_wconf 62' lang='lat' dir='ltr'><strong>gea</strong></span> 
     </span>
     <span class='ocr_line' id='line_1_26' title="bbox 126 2125 966 2204; baseline 0.001 -20"><span class='ocrx_word' id='word_1_173' title='bbox 126 2127 164 2184; x_wconf 91' lang='lat' dir='ltr'><strong>tis</strong></span> <span class='ocrx_word' id='word_1_174' title='bbox 180 2125 239 2185; x_wconf 86' lang='lat' dir='ltr'><strong>suis</strong></span> <span class='ocrx_word' id='word_1_175' title='bbox 259 2125 464 2204; x_wconf 80' lang='lat' dir='ltr'><strong>comprobavit</strong></span> <span class='ocrx_word' id='word_1_176' title='bbox 500 2125 558 2183; x_wconf 89' lang='lat' dir='ltr'><strong>Hic</strong></span> <span class='ocrx_word' id='word_1_177' title='bbox 577 2142 647 2203; x_wconf 85' lang='lat' dir='ltr'><strong>crgo</strong></span> <span class='ocrx_word' id='word_1_178' title='bbox 667 2125 831 2185; x_wconf 73' lang='lat' dir='ltr'><strong>adolescens</strong></span> <span class='ocrx_word' id='word_1_179' title='bbox 846 2126 966 2185; x_wconf 83' lang='lat' dir='ltr'><strong>maximi</strong></span> 
     </span>
     <span class='ocr_line' id='line_1_27' title="bbox 125 2203 965 2278; baseline 0.001 -15"><span class='ocrx_word' id='word_1_180' title='bbox 125 2206 224 2278; x_wconf 84' lang='lat' dir='ltr'><strong>animi,</strong></span> <span class='ocrx_word' id='word_1_181' title='bbox 235 2213 269 2264; x_wconf 86' lang='lat' dir='ltr'><strong>ut</strong></span> <span class='ocrx_word' id='word_1_182' title='bbox 281 2205 427 2264; x_wconf 87' lang='lat' dir='ltr'><strong>verissime</strong></span> <span class='ocrx_word' id='word_1_183' title='bbox 447 2203 546 2263; x_wconf 87' lang='lat' dir='ltr'><strong>scribit</strong></span> <span class='ocrx_word' id='word_1_184' title='bbox 561 2204 684 2278; x_wconf 82' lang='lat' dir='ltr'><strong>Hirtius,</strong></span> <span class='ocrx_word' id='word_1_185' title='bbox 699 2213 792 2264; x_wconf 85' lang='lat' dir='ltr'><strong>castra</strong></span> <span class='ocrx_word' id='word_1_186' title='bbox 809 2206 965 2264; x_wconf 78' lang='lat' dir='ltr'><strong>mulierum</strong></span> 
     </span>
     <span class='ocr_line' id='line_1_28' title="bbox 126 2275 966 2364; baseline -0.001 -21"><span class='ocrx_word' id='word_1_187' title='bbox 126 2281 273 2364; x_wconf 83' lang='lat' dir='ltr'><strong>legionum</strong></span> <span class='ocrx_word' id='word_1_188' title='bbox 283 2285 382 2363; x_wconf 87' lang='lat' dir='ltr'><strong>paucis</strong></span> <span class='ocrx_word' id='word_1_189' title='bbox 395 2283 562 2344; x_wconf 70' lang='lat' dir='ltr'><strong>cohortibus</strong></span> <span class='ocrx_word' id='word_1_190' title='bbox 574 2291 686 2343; x_wconf 84' lang='lat' dir='ltr'><strong>tutatus</strong></span> <span class='ocrx_word' id='word_1_191' title='bbox 699 2291 742 2344; x_wconf 90' lang='lat' dir='ltr'><strong>est</strong></span> <span class='ocrx_word' id='word_1_192' title='bbox 753 2275 966 2364; x_wconf 75' lang='lat' dir='ltr'><strong>secundumque</strong></span> 
     </span>
     <span class='ocr_line' id='line_1_29' title="bbox 126 2363 967 2444; baseline 0.004 -21"><span class='ocrx_word' id='word_1_193' title='bbox 126 2365 268 2443; x_wconf 85' lang='lat' dir='ltr'><strong>proelimn</strong></span> <span class='ocrx_word' id='word_1_194' title='bbox 284 2365 362 2424; x_wconf 78' lang='lat' dir='ltr'><strong>iecit</strong></span> <span class='ocrx_word' id='word_1_195' title='bbox 404 2364 451 2422; x_wconf 86' lang='lat' dir='ltr'><strong>Ita</strong></span> <span class='ocrx_word' id='word_1_196' title='bbox 465 2364 554 2422; x_wconf 87' lang='lat' dir='ltr'><strong>trium</strong></span> <span class='ocrx_word' id='word_1_197' title='bbox 569 2363 776 2443; x_wconf 86' lang='lat' dir='ltr'><strong>imperatorum</strong></span> <span class='ocrx_word' id='word_1_198' title='bbox 791 2365 894 2444; x_wconf 84' lang='lat' dir='ltr'><strong>populi</strong></span> <span class='ocrx_word' id='word_1_199' title='bbox 909 2365 967 2426; x_wconf 88' lang='lat' dir='ltr'><strong>Ro·</strong></span> 
     </span>
     <span class='ocr_line' id='line_1_30' title="bbox 127 2443 967 2523; baseline -0.001 -21"><span class='ocrx_word' id='word_1_200' title='bbox 127 2445 206 2502; x_wconf 86' lang='lat' dir='ltr'><strong>mani</strong></span> <span class='ocrx_word' id='word_1_201' title='bbox 215 2445 329 2518; x_wconf 84' lang='lat' dir='ltr'><strong>virtute,</strong></span> <span class='ocrx_word' id='word_1_202' title='bbox 341 2443 470 2515; x_wconf 67' lang='lat' dir='ltr'><strong>consilis),</strong></span> <span class='ocrx_word' id='word_1_203' title='bbox 481 2443 619 2503; x_wconf 76' lang='lat' dir='ltr'><strong>felicitate</strong></span> <span class='ocrx_word' id='word_1_204' title='bbox 628 2463 688 2502; x_wconf 92' lang='lat' dir='ltr'><strong>uno</strong></span> <span class='ocrx_word' id='word_1_205' title='bbox 699 2444 746 2517; x_wconf 83' lang='lat' dir='ltr'><strong>die</strong></span> <span class='ocrx_word' id='word_1_206' title='bbox 756 2445 828 2503; x_wconf 91' lang='lat' dir='ltr'><strong>locis</strong></span> <span class='ocrx_word' id='word_1_207' title='bbox 836 2444 967 2523; x_wconf 86' lang='lat' dir='ltr'><strong>pluribus</strong></span> 
     </span>
     <span class='ocr_line' id='line_1_31' title="bbox 127 2523 967 2602; baseline -0.002 -19"><span class='ocrx_word' id='word_1_208' title='bbox 127 2543 172 2583; x_wconf 88' lang='lat' dir='ltr'><strong>res</strong></span> <span class='ocrx_word' id='word_1_209' title='bbox 185 2524 301 2602; x_wconf 85' lang='lat' dir='ltr'><strong>publica</strong></span> <span class='ocrx_word' id='word_1_210' title='bbox 313 2529 357 2582; x_wconf 86' lang='lat' dir='ltr'><strong>est</strong></span> <span class='ocrx_word' id='word_1_211' title='bbox 370 2530 543 2582; x_wconf 81' lang='lat' dir='ltr'><strong>conservata.</strong></span> <span class='ocrx_word' id='word_1_212' title='bbox 584 2523 638 2582; x_wconf 90' lang='lat' dir='ltr'><strong>XI.</strong></span> <span class='ocrx_word' id='word_1_213' title='bbox 670 2529 716 2583; x_wconf 76' lang='lat'><strong>29.</strong></span> <span class='ocrx_word' id='word_1_214' title='bbox 731 2524 864 2584; x_wconf 87' lang='lat' dir='ltr'><strong>Decerne</strong></span> <span class='ocrx_word' id='word_1_215' title='bbox 877 2525 967 2602; x_wconf 84' lang='lat' dir='ltr'><strong>igitur</strong></span> 
     </span>
     <span class='ocr_line' id='line_1_32' title="bbox 128 2603 967 2682; baseline -0.001 -20"><span class='ocrx_word' id='word_1_216' title='bbox 128 2623 227 2662; x_wconf 91' lang='lat' dir='ltr'><strong>eorum</strong></span> <span class='ocrx_word' id='word_1_217' title='bbox 240 2603 329 2662; x_wconf 81' lang='lat' dir='ltr'><strong>trium</strong></span> <span class='ocrx_word' id='word_1_218' title='bbox 344 2603 463 2662; x_wconf 90' lang='lat' dir='ltr'><strong>nomine</strong></span> <span class='ocrx_word' id='word_1_219' title='bbox 477 2603 686 2682; x_wconf 83' lang='lat' dir='ltr'><strong>quinquaginta</strong></span> <span class='ocrx_word' id='word_1_220' title='bbox 702 2603 813 2662; x_wconf 89' lang='lat' dir='ltr'><strong>dierum</strong></span> <span class='ocrx_word' id='word_1_221' title='bbox 828 2604 967 2682; x_wconf 87' lang='lat' dir='ltr'><strong>snpplica-</strong></span> 
     </span>
     <span class='ocr_line' id='line_1_33' title="bbox 128 2682 967 2762; baseline 0 -22"><span class='ocrx_word' id='word_1_222' title='bbox 128 2684 238 2740; x_wconf 86' lang='lat' dir='ltr'><strong>tioues:</strong></span> <span class='ocrx_word' id='word_1_223' title='bbox 253 2689 401 2754; x_wconf 70' lang='lat' dir='ltr'><strong>causeam</strong></span> <span class='ocrx_word' id='word_1_224' title='bbox 413 2682 710 2742; x_wconf 86' lang='lat' dir='ltr'><strong>honorificentissimis</strong></span> <span class='ocrx_word' id='word_1_225' title='bbox 722 2683 817 2742; x_wconf 84' lang='lat' dir='ltr'><strong>verbis</strong></span> <span class='ocrx_word' id='word_1_226' title='bbox 830 2683 967 2762; x_wconf 90' lang='lat' dir='ltr'><strong>consequi</strong></span> 
     </span>
     <span class='ocr_line' id='line_1_34' title="bbox 128 2762 677 2840; baseline 0.004 -21"><span class='ocrx_word' id='word_1_227' title='bbox 128 2769 258 2838; x_wconf 87' lang='lat' dir='ltr'><strong>potuero,</strong></span> <span class='ocrx_word' id='word_1_228' title='bbox 269 2762 444 2840; x_wconf 82' lang='lat' dir='ltr'><strong>complectar</strong></span> <span class='ocrx_word' id='word_1_229' title='bbox 456 2763 519 2839; x_wconf 84' lang='lat' dir='ltr'><strong>ipsa</strong></span> <span class='ocrx_word' id='word_1_230' title='bbox 529 2763 677 2822; x_wconf 77' lang='lat' dir='ltr'><strong>sententia</strong></span> 
     </span>
    </p>

    <p class='ocr_par' dir='ltr' id='par_1_7' title="bbox 127 2839 969 3238">
     <span class='ocr_line' id='line_1_35' title="bbox 168 2839 968 2919; baseline 0.004 -22"><span class='ocrx_word' id='word_1_231' title='bbox 168 2841 222 2898; x_wconf 87' lang='lat' dir='ltr'><strong>Est</strong></span> <span class='ocrx_word' id='word_1_232' title='bbox 238 2847 333 2898; x_wconf 87' lang='lat' dir='ltr'><strong>autem</strong></span> <span class='ocrx_word' id='word_1_233' title='bbox 350 2840 418 2899; x_wconf 85' lang='lat' dir='ltr'><strong>fidei</strong></span> <span class='ocrx_word' id='word_1_234' title='bbox 427 2841 606 2919; x_wconf 81' lang='lat' dir='ltr'><strong>&#39;pietatisque</strong></span> <span class='ocrx_word' id='word_1_235' title='bbox 621 2849 736 2902; x_wconf 88' lang='lat' dir='ltr'><strong>nostrae</strong></span> <span class='ocrx_word' id='word_1_236' title='bbox 753 2839 894 2902; x_wconf 83' lang='lat' dir='ltr'><strong>declarare</strong></span> <span class='ocrx_word' id='word_1_237' title='bbox 910 2841 968 2900; x_wconf 81' lang='lat' dir='ltr'><strong>for&#39;·</strong></span> 
     </span>
     <span class='ocr_line' id='line_1_36' title="bbox 127 2919 968 3001; baseline 0.006 -26"><span class='ocrx_word' id='word_1_238' title='bbox 127 2919 249 2976; x_wconf 85' lang='lat' dir='ltr'><strong>tissimis</strong></span> <span class='ocrx_word' id='word_1_239' title='bbox 271 2919 412 2977; x_wconf 85' lang='lat' dir='ltr'><strong>militibus</strong></span> <span class='ocrx_word' id='word_1_240' title='bbox 432 2936 519 2997; x_wconf 84' lang='lat' dir='ltr'><strong>quam</strong></span> <span class='ocrx_word' id='word_1_241' title='bbox 542 2938 684 2978; x_wconf 89' lang='lat' dir='ltr'><strong>memores</strong></span> <span class='ocrx_word' id='word_1_242' title='bbox 708 2921 797 3001; x_wconf 69' lang='lat' dir='ltr'><strong>simus·</strong></span> <span class='ocrx_word' id='word_1_243' title='bbox 823 2941 968 3000; x_wconf 87' lang='lat' dir='ltr'><strong>quamque</strong></span> 
     </span>
     <span class='ocr_line' id='line_1_37' title="bbox 127 2995 969 3080; baseline 0.01 -28"><span class='ocrx_word' id='word_1_244' title='bbox 127 2996 211 3072; x_wconf 85' lang='lat' dir='ltr'><strong>grati.</strong></span> <span class='ocrx_word' id='word_1_245' title='bbox 247 2995 340 3066; x_wconf 78' lang='lat' dir='ltr'><strong>Quem</strong></span> <span class='ocrx_word' id='word_1_246' title='bbox 355 2997 468 3057; x_wconf 88' lang='lat' dir='ltr'><strong>obrem</strong></span> <span class='ocrx_word' id='word_1_247' title='bbox 481 2999 621 3077; x_wconf 75' lang='lat' dir='ltr'><strong>promisse</strong></span> <span class='ocrx_word' id='word_1_248' title='bbox 632 3005 733 3058; x_wconf 87' lang='lat' dir='ltr'><strong>nostra</strong></span> <span class='ocrx_word' id='word_1_249' title='bbox 745 3007 832 3080; x_wconf 85' lang='lat' dir='ltr'><strong>atque</strong></span> <span class='ocrx_word' id='word_1_250' title='bbox 846 3021 886 3074; x_wconf 85' lang='lat' dir='ltr'><strong>ea,</strong></span> <span class='ocrx_word' id='word_1_251' title='bbox 896 3007 969 3080; x_wconf 82' lang='lat' dir='ltr'><strong>quae</strong></span> 
     </span>
     <span class='ocr_line' id='line_1_38' title="bbox 128 3074 968 3159; baseline 0.008 -28"><span class='ocrx_word' id='word_1_252' title='bbox 128 3074 291 3151; x_wconf 87' lang='lat' dir='ltr'><strong>legionibus</strong></span> <span class='ocrx_word' id='word_1_253' title='bbox 297 3075 373 3134; x_wconf 88' lang='lat' dir='ltr'><strong>bello</strong></span> <span class='ocrx_word' id='word_1_254' title='bbox 382 3077 514 3135; x_wconf 85' lang='lat' dir='ltr'><strong>confecto</strong></span> <span class='ocrx_word' id='word_1_255' title='bbox 522 3077 680 3137; x_wconf 88' lang='lat' dir='ltr'><strong>tributuros</strong></span> <span class='ocrx_word' id='word_1_256' title='bbox 688 3087 742 3137; x_wconf 85' lang='lat' dir='ltr'><strong>nos</strong></span> <span class='ocrx_word' id='word_1_257' title='bbox 750 3081 968 3159; x_wconf 88' lang='lat' dir='ltr'><strong>spopondimus,</strong></span> 
     </span>
     <span class='ocr_line' id='line_1_39' title="bbox 129 3152 969 3238; baseline 0.014 -30"><span class='ocrx_word' id='word_1_258' title='bbox 129 3152 269 3220; x_wconf 87' lang='lat' dir='ltr'><strong>hodierno</strong></span> <span class='ocrx_word' id='word_1_259' title='bbox 277 3161 391 3212; x_wconf 89' lang='lat' dir='ltr'><strong>senatus</strong></span> <span class='ocrx_word' id='word_1_260' title='bbox 401 3156 532 3214; x_wconf 87' lang='lat' dir='ltr'><strong>consulto</strong></span> <span class='ocrx_word' id='word_1_261' title='bbox 540 3157 703 3216; x_wconf 86' lang='lat' dir='ltr'><strong>renovanda</strong></span> <span class='ocrx_word' id='word_1_262' title='bbox 711 3179 828 3218; x_wconf 87' lang='lat' dir='ltr'><strong>censeo:</strong></span> <span class='ocrx_word' id='word_1_263' title='bbox 845 3177 969 3238; x_wconf 86' lang='lat' dir='ltr'><strong>acquum</strong></span> 
     </span>
    </p>
   </div>
   <div class='ocr_carea' id='block_1_7' title="bbox 0 0 1136 3418">
    <p class='ocr_par' dir='ltr' id='par_1_8' title="bbox 0 0 1136 3418">
     <span class='ocr_line' id='line_1_40' title="bbox 0 0 1136 3418; baseline 0 0"><span class='ocrx_word' id='word_1_264' title='bbox 0 0 1136 3418; x_wconf 95' lang='lat' dir='ltr'><strong> </strong></span> 
     </span>
    </p>
   </div>
  </div>
 </body>
</html>
