2240 3418
26 53 31 64 ·
129 101 177 150 186
302 97 634 148 ΡΒΟΜξΜᾹΚΟΕΠιΟ
650 97 791 148 ORATIO.

129 211 172 262 est
185 203 290 260 futura
333 200 513 278 Quamquam
530 201 584 258 iste
600 207 667 258 tuus
680 200 793 258 animus
808 220 968 278 numquam

128 283 174 341 his
190 281 337 358 angustiis,
349 300 418 357 quas
434 287 536 338 natura
551 279 635 337 nobis
652 279 689 336 ad
705 279 859 337 vivendum
876 281 966 353 dedit,

128 369 280 420 contentus
300 361 366 431 fuit,
379 379 490 436 semper
506 359 733 417 immortalitatis
754 379 850 417 amore
868 359 967 437 flagra-
1076 355 1088 382 ‘

127 442 177 499 vit.
220 447 266 498 28.
282 440 344 497 Nec
360 458 427 496 vero
446 439 515 497 haec
532 445 582 496 tua
600 440 659 497 vita
679 439 811 497 ducenda
830 447 882 510 est,
895 460 967 517 quae

127 539 246 598 corpore
263 526 293 578 et
307 519 409 596 spiritu
425 520 595 577 continetur.
637 519 698 590 Illa,
708 519 834 596 inquam,
846 519 895 576 illa
908 527 968 578 vita

127 607 170 658 est
186 607 244 671 tua,
257 618 329 677 quae
345 597 455 676 vigebit
474 599 613 656 memoria
633 599 807 656 saeculorum
826 599 966 671 omnium,

127 699 213 757 quam
234 678 387 756 posteritas
411 678 474 750 alet,
494 697 580 754 quam
600 679 663 754 ipsa
682 678 833 736 aeternitas
855 698 967 755 semper

126 759 261 817 tuebitur.
294 758 371 816 Huic
385 765 418 816 tu
431 758 574 828 inservias,
584 757 652 815 huic
662 765 691 816 te
702 764 827 815 ostentes
841 745 970 834 01181101,Ὶ

127 859 199 916 quae
214 838 329 916 quidem
345 857 417 915 quae
430 837 549 895 miretur
562 838 619 894 iam
633 837 744 914 pridem
759 837 850 894 multa
863 837 964 896 habet:

126 937 203 976 nunc
227 919 315 976 etiam
340 937 411 994 quae
438 916 536 974 laudet
560 924 712 994 exspectat.
754 916 966 993 Obstupescent

126 997 234 1075 posteri
248 1005 323 1055 certe
337 997 465 1074 imperia,
477 997 646 1073 provincias,
658 997 800 1068 Rhenum,
809 997 964 1070 Oceanum,

127 1077 235 1150 Nilum,
247 1097 358 1155 pugnas
378 1076 607 1148 innumerabiles,
622 1076 803 1134 incredibiles
823 1077 964 1150 victorias,

126 1165 321 1228 monumenta,
333 1177 459 1228 munera,
474 1157 637 1233 triumphos
658 1156 806 1214 audientes
823 1162 852 1213 et
871 1155 966 1233 legen-

125 1244 169 1295 tes
183 1245 256 1296 tuos.
299 1243 346 1295 29.
362 1237 420 1295 Sed
436 1237 491 1294 nisi
510 1236 579 1293 haec
596 1236 663 1294 urbs
684 1235 810 1293 stabilita
825 1236 883 1293 tuis
900 1256 966 1294 con-

126 1317 196 1374 siliis
213 1324 242 1375 et
258 1317 398 1375 institutis
415 1317 476 1387 erit,
489 1315 639 1392 vagabitur
654 1315 742 1373 modo
759 1323 841 1374 tuum
858 1335 965 1374 nomen

125 1397 211 1474 longe
225 1404 310 1474 atque
324 1396 397 1454 late:
419 1396 515 1454 sedem
531 1395 661 1453 stabilem
676 1402 705 1453 et
716 1395 894 1453 domicilium
908 1415 966 1454 cer-

29 1477 35 1486 ”
125 1483 187 1534 tum
202 1496 261 1534 11011
279 1476 403 1534 habebit.
445 1475 509 1534 Erit
522 1476 597 1533 inter
611 1495 659 1533 eos
676 1475 771 1547 etiam,
784 1475 833 1553 qui
849 1495 966 1533 nascen-

125 1563 180 1628 tur,
196 1556 269 1614 sicut
289 1557 365 1614 inter
384 1575 438 1613 nos
457 1556 523 1627 fuit,
538 1575 643 1632 magua
663 1555 810 1627 dissensi0,
826 1575 891 1613 cum
916 1556 965 1614 alii

125 1635 257 1693 laudibus
273 1636 310 1693 ad
327 1635 436 1694 caelmu
452 1655 497 1692 res
513 1642 577 1693 tuas
592 1642 687 1712 gestas
704 1636 830 1708 efferent,
843 1635 891 1693 alii
908 1636 965 1693 for·

20 1733 29 1746 ·
124 1723 199 1774 tasse
213 1715 322 1794 aliquid
335 1716 487 1792 requirent,
499 1715 586 1792 idque
597 1715 641 1773 vel
649 1715 819 1788 maximum,
831 1716 887 1774 nisi
896 1716 965 1774 belli

10 1825 13 1832 ·
125 1796 216 1854 civilis
232 1795 397 1854 incendium
418 1795 508 1853 salute
526 1796 634 1872 patriae
654 1795 824 1867 restinxeris,
840 1803 873 1854 ut
893 1796 965 1854 illud

124 1876 179 1933 fati
199 1875 288 1933 fuisse
312 1876 450 1948 videatur,
471 1876 526 1933 1100
550 1875 669 1934 consilii.
712 1857 792 1933 Serii
816 1876 906 1954 igitur
928 1877 964 1934 iis

124 1957 211 2014 etiam
229 1955 379 2027 iudicibus,
396 1957 444 2033 qui
461 1956 560 2014 multis
576 1963 643 2033 post
660 1955 777 2014 saeculis
794 1955 830 2014 de
846 1963 875 2014 te
891 1957 965 2032 iudi-

124 2035 231 2094 cabunt
247 2043 277 2094 et
294 2036 410 2113 quidem
431 2035 509 2093 haud
526 2037 585 2094 scio
606 2055 642 2094 311
663 2036 856 2113 incorruptius
877 2056 964 2113 quam

124 2136 184 2174 nos.
227 2115 304 2174 Nam
324 2116 353 2175 'et
370 2117 430 2174 sine
451 2135 547 2174 amore
563 2123 593 2174 et
610 2116 670 2174 sine
687 2115 844 2192 cupiditate
861 2124 890 2175 et
906 2135 968 2174 rur··

124 2217 172 2254 sus
196 2197 257 2254 sine
282 2197 349 2254 odio
374 2203 404 2254 et
425 2197 486 2254 siue
510 2196 620 2254 invidia
641 2196 818 2254 iudicabunt
861 2189 911 2254 3οῙ
928 2197 964 2254 111

124 2283 220 2334 autem
238 2277 325 2334 etiam
347 2277 371 2334 si
387 2283 449 2334 tum
467 2276 504 2352 ad
519 2283 557 2348 te,
570 2283 603 2334 ut
620 2276 741 2353 quidam
758 2276 832 2334 falso
850 2284 962 2353 putant,

124 2376 182 2414 nou
199 2355 363 2434 pertinebit,
375 2376 451 2414 nunc
468 2363 544 2414 certe
560 2358 684 2433 pertinet
700 2376 761 2414 esse
777 2363 806 2419 10
823 2356 918 2428 talem,
930 2363 964 2414 ut

123 2443 187 2494 tuas
201 2437 300 2494 laudes
314 2435 498 2494 obscuratura
511 2436 590 2494 nulla
603 2456 738 2514 umquam
755 2436 801 2494 sit·
807 2435 921 2493 oblivio.

163 2502 201 2573 X.
217 2515 353 2573 Diversae
370 2516 531 2580 voluntates
548 2515 653 2574 civium
667 2517 785 2584 fuerdnt
801 2516 965 2574 distractae·

124 2614 179 2672 que
194 2595 358 2653 sententiae.
395 2595 463 2653 Non
477 2597 553 2653 enim
568 2595 693 2654 consiliis
704 2595 796 2652 solum
811 2602 841 2654 et
851 2596 962 2668 studiis,

124 2675 175 2732 sed
190 2675 277 2732 armis
294 2675 381 2733 etiam
400 2682 429 2733 et
448 2676 547 2734 castris
563 2675 787 2744 dissidebamus:
809 2677 963 2738 eratenim

124 2754 282 2812 obscuritas
299 2754 447 2830 quaedam,
459 2761 520 2812 erat
538 2761 681 2814 certamen
701 2755 776 2814 inter
792 2755 964 2813 clarissimos

124 2834 227 2891 duces:
249 2833 334 2890 multi
351 2833 522 2891 dubitabant
539 2834 610 2910 quid
624 2835 767 2912 optimum
784 2842 866 2906 esset,
878 2834 964 2892 multi

124 2912 195 2989 quid
219 2912 274 2969 sibi
298 2913 452 2989 expediret,
470 2912 555 2971 multi
578 2914 648 2990 quid
670 2914 790 2986 deceret,
808 2934 867 2972 non
892 2914 964 2971 nulli

124 2993 211 3049 etiam
234 2991 303 3067 quid
324 2991 428 3050 liceret.
471 2998 518 3050 31.
539 2992 695 3051 Perfuncta
714 3013 759 3050 res
781 2993 897 3070 publica
920 3001 965 3052 est

123 3070 179 3128 1100
192 3071 296 3126 misero
310 3070 448 3148 fatalique
461 3071 554 3129 bello:
576 3073 645 3130 vicit
658 3073 691 3144 is,
704 3073 753 3149 qui
770 3093 829 3131 nou
846 3074 964 3131 fortuna

116 3148 314 3206 inflammaret
335 3150 434 3207 odium
456 3169 549 3222 suum,
564 3151 615 3208 sed
635 3151 765 3212 bonitate
785 3153 895 3226 leniret,
910 3171 965 3210 uec
