2262 3412
13 89 25 114 ‘
110 117 143 169 re
268 117 308 167 ru
324 117 355 168 n.
370 113 575 168 caraman
591 113 726 165 enarro
741 113 791 164 1v.

110 215 244 275 omnibus
264 216 429 293 Pompeius,
444 216 526 273 cuius
545 234 590 272 res
609 221 706 292 gestae
726 220 812 291 atque
829 213 949 274 virtutes

109 295 211 354 iisdem
223 295 326 374 quibus
336 295 404 354 solis
414 315 512 354 cursus
522 294 687 372 regionibus
700 313 732 356 ac
743 293 873 352 terminis
883 313 949 352 con-

109 376 253 434 tinentur:
275 375 329 433 erit
348 374 479 452 profecto
502 375 577 432 inter
597 373 700 430 horum
721 371 819 430 laudes
839 372 949 450 aliquid

109 454 166 512 loci
186 461 299 512 nostrae
319 455 434 532 gloriae,
449 454 505 511 nisi
523 453 600 511 forte
620 453 713 510 maius
729 459 772 510 est
787 452 949 529 patefacere

109 533 193 591 nobis
206 534 366 612 provincias
381 552 438 612 quo
452 533 528 591 exire
542 532 692 611 possimus,
705 551 791 609 quam
805 538 949 590 curarent

109 614 196 671 etiam
213 613 263 685 illi,
276 614 325 691 qni
336 613 447 685 absunt,
458 612 583 671 habeant
600 630 657 689 quo
671 611 794 669 victores
809 617 950 669 revertan-

108 699 163 751 tur.
206 698 253 750 22.
269 691 449 770 Quamquam
470 699 514 750 est
534 711 593 749 uno
609 691 674 748 loco
694 690 827 749 condicio
847 690 949 748 melior

109 779 240 830 externae
251 772 386 830 victoriae
400 791 486 850 quarn
500 771 682 842 domesticae,
693 770 760 849 quia
772 769 870 828 hostes
884 769 950 827 alie·

108 852 229 929 nigenae
239 859 290 910 aut
298 851 426 988 oppressi
437 851 564 908 serviunt
574 857 624 908 aut
634 850 740 927 recepti
750 849 782 906 in
792 848 949 907 amicitiam

108 930 247 989 beneficio
259 951 288 989 se
299 950 317 988 o
349 931 442 1008 igatos
449 937 561 1007 putant,
572 929 622 1007 qui
632 936 729 987 autem
738 947 771 986 ex
782 947 902 986 numero
911 928 950 985 ci-

108 1011 196 1083 vium,
205 1010 350 1069 dementia
363 1010 458 1088 aliqua
468 1009 622 1087 depravati,
630 1008 728 1066 hostes
738 1007 848 1085 patriae
862 1006 949 1065 semel

109 1109 169 1148 esse
182 1095 345 1167 coeperunt,
356 1109 405 1147 eos
417 1109 483 1147 cum
494 1089 646 1166 apemicie
655 1088 696 1146 rei
706 1087 837 1165 publicae
847 1106 898 1164 rep
919 1106 950 1144 u-

109 1169 181 1242 lmis,
189 1188 241 1228 nec
252 1170 281 1227 vi
289 1175 419 1228 coercere
429 1189 482 1227 nec
489 1167 628 1226 beneficio
636 1167 747 1245 placare
756 1166 855 1244 poesia
886 1106 950 1234 {aa

108 1269 139 1308 re
154 1249 227 1306 mihi
243 1269 309 1308 cum
330 1249 450 1328 perditis
470 1248 580 1306 civibus
600 1254 747 1306 aeternum
764 1245 871 1303 bellum
891 1265 950 1303 sus·

108 1336 224 1406 ceptum
241 1349 301 1388 esse
312 1329 404 1387 video.
446 1327 482 1386 Id
496 1347 550 1404 ego
563 1333 658 1385 vestro
674 1325 873 1403 bonorumque
890 1345 950 1383 om-

108 1409 189 1466 nium
198 1409 304 1466 auxilio
312 1408 506 1485 memoriaque
516 1413 662 1464 tantorum
671 1404 871 1482 periculorum,
877 1424 949 1483 quae

108 1506 167 1546 non
181 1488 269 1545 modo
283 1489 313 1545 in
327 1487 383 1546 hoo
396 1487 512 1565 populo,
521 1486 571 1564 qui
585 1492 711 1543 servatus
725 1492 776 1557 est,
785 1485 835 1542 sed
848 1485 879 1542 in
890 1483 950 1543 om*-

108 1568 190 1624 nium
206 1568 337 1644 gentium
354 1566 532 1625 sermonibus
549 1585 581 1623 ac
597 1565 743 1623 mentibus
760 1583 872 1642 semper
885 1564 950 1622 hae-

108 1646 191 1718 rebit,
204 1665 221 1704 a
234 1666 281 1705 me
294 1652 381 1725 atque
395 1646 497 1703 amois
510 1645 595 1703 facile
608 1644 768 1723 propulsari
785 1662 870 1721 posse
884 1663 950 1702 oon·

108 1724 175 1786 fido.
217 1725 319 1803 Neque
333 1726 391 1784 ulla
406 1726 536 1803 profecto
553 1731 634 1782 tanta
647 1725 691 1782 vis
707 1723 864 1802 reperietur
877 1742 950 1801 quae

108 1805 340 1864 coniunctionem
356 1812 479 1864 vestram
500 1805 686 1883 equitumque
703 1803 900 1861 Romanorum
921 1809 950 1861 et

108 1892 219 1943 tantam
243 1885 483 1963 conspirationem
505 1884 648 1942 bonorum
673 1883 803 1942 omniurn
824 1882 950 1941 confrin-

108 1984 175 2042 gere
189 1971 218 2022 et
231 1964 402 2023 labefactare
415 1964 514 2043 possit

148 2043 202 2103 XI.
239 2050 285 2103 23.
302 2043 381 2114 Quae
402 2063 467 2102 cum
484 2045 526 2102 ita
542 2043 608 2115 sint,
620 2061 673 2121 pro
689 2042 820 2121 imperio,
832 2060 886 2119 pro
904 2060 950 2099 ex-

80 2115 84 2134 ’
108 2125 207 2196 ercitu,
217 2142 270 2202 pro
281 2124 435 2203 provincia,
446 2143 532 2202 quam
546 2122 668 2200 neglexi,
677 2141 730 2200 pro
744 2121 893 2198 triumpho
907 2141 950 2179 ce-

108 2205 232 2282 terisque
244 2203 337 2262 landis
350 2203 518 2281 insignibus,
527 2223 599 2281 quae
614 2209 708 2260 sunta
720 2221 767 2259 me
778 2208 896 2279 propter
906 2219 950 2258 ur-

107 2283 153 2341 bis
166 2291 331 2362 vestraeque
344 2283 443 2341 salutis
458 2283 619 2342 custodiam
632 2280 789 2359 repudiata,
799 2300 852 2358 pro
866 2280 950 2338 clien-

107 2363 172 2422 telis
185 2363 375 2442 hospitiisque
391 2362 621 2440 provincialibus,
634 2380 706 2440 quae
719 2367 816 2419 tamen
833 2358 950 2417 urbanis
1041 2376 1044 2381 ·

108 2443 212 2520 opibus
225 2462 285 2501 non
301 2443 412 2501 minore
427 2443 524 2501 labore
540 2449 623 2500 tueor
637 2460 723 2518 quarn
739 2458 883 2517 comparo,
895 2457 949 2516 pro
971 2453 995 2486 r

107 2522 154 2580 his
167 2523 257 2600 igitur
267 2523 401 2580 omnibus
414 2521 499 2581 rebus
515 2529 545 2580 et
560 2540 615 2599 pro
628 2521 700 2579 meis
713 2521 744 2578 in
758 2539 810 2577 vos
827 2518 950 2597 singula·

107 2602 187 2660 ribus
208 2601 311 2660 studiis
330 2621 440 2680 proque
459 2603 522 2674 hac,
534 2621 621 2679 quam
641 2599 811 2678 perspicitis,
826 2598 864 2657 ad
884 2615 950 2656 oon·

109 2682 275 2740 servandam
289 2701 349 2740 rem
363 2682 507 2760 publicam
522 2681 672 2760 diligentia
684 2679 756 2738 nihil
771 2677 880 2737 avobis
893 2676 949 2734 nisi

102 2761 194 2820 buius
210 2762 348 2840 temporis
364 2763 511 2839 totiusque
527 2761 585 2819 mei
602 2760 766 2818 consulatus
779 2757 948 2817 memoriam

107 2841 240 2919 postulo:
263 2860 335 2919 quae
352 2841 422 2900 dum
439 2842 493 2900 erit
509 2840 609 2899 vestris
628 2839 684 2898 fixa
702 2838 855 2910 mentibus,
867 2836 949 2895 tutis·

108 2922 183 2980 simo
203 2941 251 2980 me
270 2940 354 2979 muro
377 2928 507 3000 saeptum
528 2939 588 2978 esse
609 2919 775 2978 arbitrabor.
818 2915 949 2986 Quodsi

107 3021 202 3060 meam
214 3021 295 3079 spem
304 3001 347 3058 vis
355 2999 552 3078 improborum
561 2999 697 3058 fefellerit
705 3005 791 3075 atque
802 3014 949 3076 superare

108 3082 154 3153 rit,
160 3079 332 3139 commendo
339 3079 421 3137 vobis
428 3098 524 3136 meum
531 3098 650 3156 parvum
657 3077 757 3147 filium,
763 3077 810 3135 cui
816 3076 948 3153 profecto

108 3162 177 3219 satis
187 3161 243 3219 erit
252 3157 387 3237 praesidii
398 3177 457 3216 non
468 3158 560 3216 solum
571 3157 609 3216 ad
619 3156 851 3228 salntem,verum
861 3154 947 3212 etiam
