2240 3418
55 127 60 138 ⁸
239 138 264 184 ·,
338 124 765 192 1Γ(ἲΑΡ.ΝῙΠ;-·Χ.,,ἐ1947.
813 137 844 180 2
895 173 898 180 ,
960 127 1010 180 233
1065 143 1070 154 ·

168 228 249 301 vivis,
261 227 311 286 sed
328 227 415 286 etiam
431 226 588 285 victoribus
604 226 757 285 incolumis
773 227 923 286 etflorens
934 227 1008 286 ‘civi‘

167 315 212 369 tas
229 327 289 366 csse
306 313 410 385 posset
454 311 501 378 24,
516 306 603 376 Quod
616 306 694 364 idem
711 307 871 384 contigerat
884 308 1027 390 superio·

167 388 246 454 ribus
259 387 341 445 bellis
355 386 493 444 civilibus.
537 386 615 445 Nam·
626 386 699 444 mihi
713 387 823 445 consuli
838 387 1009 464 supplicatio

167 467 253 525 nullis
263 467 350 524 armis
364 467 487 544 sumptis
503 485 562 524 non
577 465 615 524 ob
629 466 745 524 caedem
759 465 896 538 hostium,
906 466 956 526 sed
970 466 1012 545 ob¹

167 547 412 605 conservationem
429 545 536 606 civium
552 565 627 604 novo
645 552 674 604 et
690 545 822 606 inaudite.
837 564 942 624 genere
962 547 1009 604 de-

167 634 245 684 creta
271 632 322 686 est
367 624 604 694 Quamobrem
628 632 678 686 aut
706 625 877 703 supplicatio
901 626 940 684 ob
964 645 1008 684 res

167 703 295 783 publicas
322 704 512 783 pulcherrime
541 711 637 782 gestas
663 704 876 783 postulantibus
902 706 1009 763 nostris

166 785 386 862 imperatoribus
409 784 523 862 publice
543 779 712 862 deneganda
731 791 783 856 est,
799 785 877 862 quod
896 792 1010 862 praeter

166 864 323 923 Gabinium
343 865 467 942 contigit
483 864 600 936 nemini,
616 872 665 923 aut
686 864 894 943 supplicatione
915 864 1009 922 decer-

167 943 262 1024 nenda
277 944 375 1004 hostes
391 964 448 1016 eos,
461 945 497 1002 de
514 943 618 1022 quibus
634 943 794 1016 decernitis,
807 943 940 1002 iudicetis
961 962 1008 1000 ne-

131 1037 138 1050 '
166 1043 244 1088 cesse
254 1031 305 1083 est
341 1023 394 1084 IX.
407 1023 493 1093 Quod
506 1023 633 1102 ergoille
647 1043 685 1096 re,
696 1024 729 1082 id
742 1043 796 1101 ego
808 1024 895 1083 etiam
909 1023 1005 1094 verbo,
1064 1053 1067 1060 Δ

167 1105 233 1162 cum
253 1104 440 1182 imperatores
460 1123 510 1162 eos
529 1103 660 1182 appello:
681 1103 737 1161 hoc
756 1104 821 1180 ipso
841 1103 958 1161 nomine
979 1108 1009 1161 et
1045 1097 1053 1110 ’

166 1203 224 1255 eos,
235 1184 285 1261 qui
295 1184 353 1242 iam
363 1183 469 1242 devicti
483 1191 558 1255 sunt,
569 1191 599 1242 et
612 1202 669 1255 eos,
678 1184 728 1261 qui
741 1190 901 1260 supersunt,
910 1182 1008 1241 hostes

166 1263 272 1336 iudico,
288 1282 353 1328 curn
370 1263 493 1322 victores
512 1262 627 1341 appello
643 1263 836 1340 imperatores.
879 1268 925 1320 25.
942 1260 1008 1330 Quo

166 1343 255 1402 modo
269 1343 346 1401 enim
360 1343 458 1421 'potius
472 1342 596 1401 Pansam
609 1342 769 1420 appellemi
789 1337 945 1400 etsi'habet
957 1341 1008 1400 ho·

166 1423 245 1490 noris
265 1441 372 1480 nomen
392 1423 569 1501 amplissimi.
612 1421 677 1492 Quo
698 1421 847 1480 Hirtium?
886 1421 1007 1483 Estille

167 1501 285 1581 quidem
301 1502 409 1574 consul,
421 1502 472 1560 sed
488 1502 609 1561 altemm
629 1520 734 1560 nomen
751 1500 882 1562 beneficii
898 1509 941 1560 est
958 1519 1009 1578 po·

166 1582 231 1659 puliv
239 1581 371 1653 Romani,
383 1581 504 1646 alterum
515 1581 630 1639 virtutis
640 1588 726 1658 atque
737 1580 880 1642 victoriae.
912 1579 1008 1650 Quidl

167 1660 458 1734 Caesaremdeorum
470 1660 611 1721 beneficio
624 1659 807 1738 reipublicae
816 1667 1006 1738 procreatum,

167 1741 334 1800 dubitemne
354 1741 496 1819 appellare
512 1741 733 1818 imperatoreml
754 1740 804 1818 qui
822 1740 932 1818 primus
948 1739 1009 1797 An·

165 1821 241 1879 tonii
255 1821 410 1880 immanem
424 1827 454 1878 et
466 1819 585 1884 foedam
598 1819 797 1880 cmdelitatem
810 1839 870 1879 non
884 1820 978 1882 solum
991 1838 1009 1876 a

167 1900 274 1978 iugulis
294 1900 409 1972 nostris,-
427 1900 478 1958 sed
491 1899 593 1962 etiam,
606 1919 625 1956 a
647 1899 785 1962 membris
804 1907 834 1958 ct
854 1898 1009 1964 visceribus

6 1953 7 1962 ἵ
64 2051 67 2058 ι
167 1980 277 2040 avertit
319 1979 416 2044 Unius
429 1986 525 2037 autem
539 1978 598 2036 dici
611 1986 683 2056 quot
697 1985 865 2056 etquantae
878 1979 1006 2050 virtutes,

167 2059 198 2117 di
211 2058 395 2131 immortales,
407 2059 539 2118 ineruntl
574 2063 622 2116 26.
634 2057 772 2134 Princeps
785 2057 864 2114 enim
877 2058 1008 2115 omnium

167 2137 262 2197 Pansa
281 2138 383 2216 proelii
402 2138 529 2197 faciendi
548 2144 580 2196 et
599 2157 671 2200 curn,
681 2136 813 2195 Antonio
833 2135 1009 2213 confligendi

166 2219 242 2285 ¹fuit:
264 2218 370 2296 dignus
389 2219 546 2295 imperator
565 2217 679 2296 legione
699 2216 810 2287 Martia,
823 2215 912 2294 digna
932 2215 1008 2292 legio

167 2298 357 2376 impemtore'
388 2297 479 2356 Ouius
495 2299 519 2355 si
532 2298 701 2362 acerrimum
715 2296 858 2373 impetum
874 2294 1009 2353 cohibere

166 2377 263 2446 Pansa
272 2377 422 2454 potuisset,
433 2397 492 2435 uno
505 2377 616 2454 proelio
629 2376 762 2440 confecta
771 2395 820 2434 res
832 2381 914 2434 esset
950 2374 1009 2433 Sed

166 2475 232 2519 ¹curn
248 2456 389 2516 libertatis
407 2457 491 2515 avida
506 2457 582 2535 legio
601 2455 766 2518 effrenatius
785 2456 817 2514 in
837 2455 928 2514 aciem
944 2454 1009 2512 hos

167 2536 240 2595 tium
250 2537 398 2614 irrupisset
407 2535 672 2614 ipsequeinprimis
680 2534 932 2613 Pansapugnaret,
940 2534 1010 2593 duo-

165 2615 222 2674 bns
235 2615 401 2694 periculosis
414 2615 578 2674 vulneribus
591 2615 714 2693 acceptis
728 2614 856 2674 sublatus
869 2633 885 2672 e
898 2613 1009 2691 proelio

167 2695 209 2754 rei
224 2695 356 2774 publicae
366 2696 462 2763 ,vitam
481 2695 642 2754 reservavit
683 2694 748 2771 Ego
764 2713 832 2752 vero
848 2693 925 2759 hunc
946 2711 1005 2750 non

167 2773 261 2833 solum
281 2775 498 2852 imperatorem,
508 2774 559 2832 sed
575 2774 663 2832 etiam
683 2773 870 2832 clarissimum
889 2772 1010 2849 impera

164 2860 260 2922 ⁴torem
272 2854 377 2926 iudico,
388 2855 438 2933 qui
451 2873 517 2912 eum
531 2861 582 2912 aut
594 2859 693 2916 morte
701 2860 752 2920 ant
763 2852 882 2911 victoria
895 2870 925 2909 se
940 2850 1009 2908 satis

166 2934 313 3001 iacturum
336 2934 378 2992 rei
401 2933 532 3012 publicae
556 2931 767 3011 spopondisset,
783 2931 904 2990 alterum
928 2930 1007 2998 fecit,

165 3012 606 3081 alterius'diimmortalessomen
620 3013 767 3071 avertantl
802 3012 840 3070 X.
867 3009 1009 3079 aeduin

125 3145 128 3151 ,
167 3092 263 3160 dicam
277 3092 314 3150 de
324 3092 443 3158 Hirtioi
464 3091 513 3168 qui
529 3111 560 3159 re
576 3091 704 3151 auditae
721 3092 820 3152 castris
834 3091 905 3150 duas
921 3087 1009 3167 legio¹

167 3191 220 3230 nes
239 3171 339 3232 eduxit
359 3171 519 3239 incredibili
536 3172 735 3252 studiosique
752 3173 865 3245 virtute,
878 3179 1008 3250 quartem
