2262 3418
454 143 721 196 ascensurum
791 125 795 142 ‘
958 147 1006 196 raa

165 247 199 298 ad
212 247 293 297 femur
305 245 444 307 adligatum
457 245 564 294 dixerat.
600 233 782 307 Postuleveral,
793 250 822 294 ut
835 244 916 294 femur
929 245 1007 294 nuda·

165 323 212 368 ret.
249 311 283 360 Et
300 311 342 360 ille
360 312 413 360 sine
431 325 501 364 mora
519 311 632 359 tunicam
649 310 750 360 levarat.
786 311 851 359 Tum
870 311 906 359 M.
917 311 1006 360 Cicero

165 378 349 427 exclamaverat
357 376 442 425 omnia
450 376 486 424 illi
497 375 589 425 similia
599 376 705 430 crimina
715 389 769 425 esse
780 376 876 439 quaein
884 376 1007 426 Milonem

165 443 306 492 dicerentur
317 441 373 491 alia.
1008 486 1013 498 ¹

164 541 169 547 -
199 507 297 557 Deinde
312 506 440 555 Munatius
454 506 562 555 Plancus
576 507 690 555 tribunus
701 505 735 568 pl.
745 506 897 569 produxerat
908 507 934 555 in
948 522 1007 555 con-

165 573 259 622 tionem
268 573 306 621 M.
315 573 451 621 Aemilium
459 572 641 632 Philemonem,
651 580 736 620 notum
747 571 880 632 hominem,
891 572 1007 621 libertum

165 639 203 688 M.
214 637 310 700 Lepidi.
347 638 374 686 Is
387 652 414 686 se
428 637 527 686 dicebat
538 638 678 700 pariterque
691 652 775 686 secum
786 645 905 700 quattuor
917 637 1007 685 liberos

165 703 279 752 homines
287 702 336 751 iter
343 702 463 751 facientes
474 703 650 764 supervenisse,
661 717 719 750 cum
731 702 832 752 Clodius
843 702 1004 762 occideretur,

165 778 192 818 et
205 769 237 817 ob
251 767 277 816 id
288 783 344 816 cum
358 767 558 831 proclamassent,
569 768 684 831 abreptos
698 775 723 816 et
736 782 780 830 per
793 768 856 816 duos
870 782 966 816 menses
979 767 1006 816 in

166 834 225 883 villa
239 833 340 882 Milonis
354 833 495 896 praeclusos
508 833 599 882 luisse:
619 847 697 895 eaque
710 847 749 882 res
762 848 806 881 seu
817 847 875 881 vera
889 848 932 881 seu
944 832 1008 881 falsa

166 914 286 960 magnam
300 898 423 953 invidiam
433 897 522 946 Miloni
540 905 706 948 contraxerat.
742 899 864 961 Idemque
878 898 1007 946 Munatius

165 973 192 1014 et
208 963 344 1026 Pompeius
363 963 456 1012 tribuni
473 963 505 1026 pl.
522 964 548 1012 in
567 973 648 1012 rostra
664 963 834 1026 produxerant
852 963 1008 1012 triumvirum

165 1029 298 1094 capitalem
311 1043 419 1092 eumque
430 1030 652 1090 intermgaverant,
665 1044 697 1077 an
711 1029 829 1079 Galatam
840 1028 943 1078 Milonis
957 1043 1008 1078 ser-

166 1111 226 1144 vum
242 1095 331 1144 caedes
344 1094 478 1144 facientem
494 1094 703 1157 deprehendisset.
740 1095 787 1143 llle
803 1095 966 1143 dormientem
980 1095 1007 1142 in

166 1162 271 1210 taberna
285 1176 330 1224 pro
342 1160 447 1222 fugitivo
460 1160 609 1223 prehensum
622 1168 648 1208 et
662 1159 695 1208 ad
707 1173 734 1208 se
744 1160 891 1222 perductum
904 1173 957 1208 esse
969 1173 1007 1207 re·

167 1227 308 1290 sponderat.
344 1226 559 1275 Denuntiaverent
572 1235 655 1274 tamen
668 1225 804 1285 triumviro,
815 1240 847 1274 ne
861 1239 958 1274 servum
969 1232 1007 1272 rei

166 1293 288 1342 mitteret.
323 1291 374 1342 Sed
387 1301 485 1353 postera
501 1291 542 1340 die
556 1291 656 1339 Caelius
671 1290 785 1339 tribunus
799 1290 830 1352 pl.
843 1298 868 1338 et
882 1290 912 1350 Q„
926 1289 1008 1337 Manis

167 1358 215 1406 lius
227 1358 356 1407 Cumanus
368 1357 463 1418 collega
474 1357 526 1405 eius
537 1365 650 1419 ereptum
661 1370 676 1404 e
686 1356 762 1404 domo
773 1355 895 1404 triumviri
909 1370 1008 1404 servum

168 1424 258 1472 Miloni
278 1423 445 1473 reddiderant.
482 1423 553 1470 Haec
573 1421 620 1472 etsi
640 1421 735 1470 nullam
754 1421 786 1470 de
805 1421 845 1470 his
863 1421 1008 1470 criminibus

167 1490 322 1540 mentionem
335 1489 395 1538 feeit
406 1490 503 1548 Cicero,
513 1497 605 1548 tamen,
613 1488 671 1550 quia
684 1488 721 1536 ita
734 1502 911 1550 compereram,
920 1486 1008 1549 putari

167 1555 325 1618 exponenda
362 1555 432 1603 lnter
447 1553 541 1617 primos
557 1562 582 1603 et
600 1553 630 1614 Q.
641 1553 775 1616 Pompeius
792 1563 818 1602 et
834 1553 864 1603 C.
876 1553 1008 1603 Sallustius

167 1629 194 1669 et
210 1621 241 1670 T.
252 1620 382 1672 Munatius
398 1619 508 1668 Plancus
526 1619 618 1668 tribuni
635 1618 666 1681 pl.
679 1619 863 1668 inimicissimas
880 1619 1008 1668 contiones

168 1685 200 1735 de
214 1685 309 1734 Milone
320 1685 452 1744 habebant,
462 1685 596 1733 invidiosas
609 1685 686 1734 etiam
697 1684 729 1734 de
740 1684 867 1746 Cicerone,
879 1684 923 1748 qni
934 1684 1009 1734 Milo-

168 1765 226 1800 nem
240 1759 310 1800 tanto
324 1751 406 1799 studio
419 1749 571 1810 defenderet,
582 1761 683 1814 eratque
700 1751 812 1799 maxima
825 1765 882 1812 pars
895 1750 1008 1799 multitu-

168 1815 234 1865 dinis
250 1816 347 1865 infensa
363 1831 412 1864 non
430 1815 511 1864 solum
526 1816 624 1875 Miloni,
636 1816 677 1864 sed
693 1815 769 1864 etiam
785 1825 886 1880 propter
901 1815 1008 1865 invisum

167 1881 335 1944 patrocinium
345 1881 466 1930 Ciceroni.
495 1881 587 1930 Postea
594 1881 729 1944 Pompeius
740 1891 765 1930 et
774 1881 905 1930 Sallustius
918 1882 944 1930 in
955 1895 1009 1928 sus-

167 1947 261 2010 pitione
277 1947 378 1995 fuerunt
392 1946 485 1995 redisse
499 1946 525 1993 in
538 1947 646 2006 gratiam
660 1962 718 1995 cum
731 1947 826 1995 Milone
837 1962 866 1995 ac
877 1947 1005 1996 Cicerone.

168 2012 278 2061 Plancus
286 2009 369 2060 autem
380 2011 541 2060 infestissime
552 2011 659 2074 perstitit
670 2022 745 2074 atque
755 2011 781 2059 in
789 2012 935 2061 Ciceronem
947 2026 1009 2074 quo-

168 2092 216 2140 que
233 2077 419 2126 multitudinem
432 2076 567 2136 instigavit,
579 2076 700 2139 Pompeio
716 2085 800 2124 autem
817 2085 957 2139 suspectum
972 2076 1009 2124 fa-

167 2144 248 2192 ciebat
255 2143 385 2201 Milonem,
395 2141 427 2190 ed
437 2141 571 2204 perniciem
578 2141 630 2190 eius
639 2141 778 2204 comparari
785 2142 835 2188 rim
844 2141 1005 2190 vociferatus:

168 2208 353 2272 Pompeiusque
369 2208 401 2256 ob
416 2222 447 2255 ea
460 2207 556 2270 saepius
569 2207 717 2269 querebatur
730 2206 784 2254 lieri
799 2206 845 2254 sibi
858 2219 958 2269 quoque
970 2207 1009 2254 in·
1018 2236 1030 2259 .

168 2274 245 2323 sidias
258 2283 284 2322 et
296 2273 322 2321 id
333 2272 425 2336 palam,
437 2286 466 2320 ac
481 2272 576 2320 maiore
591 2287 668 2320 manu
684 2286 710 2320 se
723 2271 844 2320 armabat.
875 2272 1008 2320 Dictorum

169 2353 267 2403 quoque
280 2339 347 2387 diem
361 2337 475 2386 Ciceroni
489 2338 599 2386 Plancus
613 2337 761 2396 ostenderat,
774 2343 860 2398 postea
876 2347 960 2385 autem
974 2336 1006 2396 Q.

169 2404 305 2467 Pompeius
316 2403 383 2452 idem
394 2403 524 2451 minitatus
535 2412 597 2450 erat.
633 2402 718 2450 Tanta
728 2411 812 2450 tamen
827 2403 968 2450 constantie
980 2416 1009 2449 ac

168 2469 231 2518 fides
244 2469 293 2518 fuit
305 2468 441 2526 Ciceronis,
454 2475 482 2516 ut
497 2481 547 2516 nou
561 2466 643 2530 populi
657 2483 673 2514 a
686 2481 712 2515 se
727 2466 883 2527 alienatione,
895 2481 946 2516 nou
959 2467 1006 2516 Cn.

168 2535 283 2598 Pompeii
301 2534 486 2596 suspitionibus,
501 2547 551 2581 nou
567 2532 669 2595 periculi
683 2532 760 2580 futuri
778 2541 854 2593 metu,
869 2533 890 2581 si
907 2532 960 2580 dies
976 2531 1010 2580 ad

169 2599 288 2663 populum
299 2599 430 2660 diceretur,
439 2613 490 2648 non
501 2599 585 2658 armis,
594 2612 658 2660 quae
666 2598 749 2661 palam
759 2597 785 2646 in
794 2598 915 2647 Milonem
927 2613 1011 2660 sump-

169 2677 196 2713 ta
205 2675 284 2725 erant,
294 2664 412 2714 deterreri
421 2663 528 2728 potuerit
536 2678 551 2711 a
560 2663 703 2712 defensione
709 2664 771 2724 eius,
779 2679 837 2712 cnm
846 2671 928 2726 posset
937 2675 1011 2711 omne

169 2730 306 2793 pericnlum
320 2744 393 2779 suum
409 2739 435 2778 et
447 2728 609 2778 offensionem
623 2727 740 2776 inimicus
755 2728 921 2776 multitudinis
935 2727 1011 2776 decli-

169 2810 237 2854 nare,
252 2795 374 2844 redimere
390 2803 474 2843 autem
491 2794 537 2843 Cn.
548 2793 663 2856 Pompeii
678 2793 799 2856 animum,
813 2794 834 2842 si
850 2793 962 2857 paullum
978 2805 1011 2841 ex

169 2860 253 2910 studio
263 2859 413 2909 defensionis
424 2859 567 2908 remisisset.

202 2925 305 2978 Perlata
321 2925 412 2974 deinde
428 2925 482 2984 lege
498 2923 622 2987 Pompeii,
632 2923 659 2972 in
672 2938 721 2987 qua
736 2924 763 2972 id
777 2938 875 2987 quoque
892 2923 1010 2986 scripturn

169 2999 232 3052 erat,
242 3000 269 3040 ut
278 2990 402 3054 quaesitor
412 2989 531 3049 suffragio
541 2989 624 3052 populi
635 3004 668 3038 ex
678 2990 718 3051 iis,
727 2990 770 3053 qui
781 2988 893 3037 consules
902 2988 1008 3048 iuermrt,

170 3066 306 3116 crearetur,
316 3055 401 3104 statim
412 3055 513 3103 comitia
524 3053 619 3114 habuit,
629 3063 777 3118 creatusque
788 3062 841 3102 erat
849 3054 879 3103 1..
885 3053 1011 3102 Domitius

170 3121 337 3170 Aenobarbus
354 3120 486 3184 quaesitor.
522 3119 618 3168 Album
631 3134 730 3182 quoque
746 3119 863 3178 iudicum,
875 3119 917 3182 qui
933 3119 966 3167 de
982 3133 1012 3166 ea

170 3200 198 3236 re
213 3186 362 3247 iudicarent,
374 3184 509 3248 Pompeius
525 3185 575 3233 tale
589 3185 725 3248 proposuit,
737 3193 764 3233 ut
781 3198 917 3247 numquam
930 3197 1012 3247 neque
