2262 3412
352 86 367 133 .'
429 87 758 150 car.111.-v.,§o-1r.
834 91 839 135 ἶ
981 92 1014 140 31
1093 120 1097 131 ·

172 167 254 250 orbis
274 197 364 249 terrae
381 184 560 249 sanctissimo
581 190 806 282 gravissimoque
826 191 954 262 consilio,
967 192 1016 268 qui

176 273 212 329 de
229 277 327 328 nostro
342 270 472 328 omnium
486 271 604 328 interitu
605 271 674 362 ,qui
689 270 724 328 de
741 270 825 328 huius
839 270 917 328 urbis
930 277 1016 348 atque

176 351 248 408 adeo
265 350 301 408 de
317 345 395 407 'orbis
412 357 550 407 terrarum
567 350 655 407 exitio
672 349 808 426 cogitent
850 350 947 408 Hosoe
961 369 1015 427 ego
1107 357 1108 362 ’

176 430 259 488 video
271 429 370 487 consul
381 436 410 487 et
421 429 456 487 de
467 428 623 506 republica
634 429 804 486 sententiam
814 448 895 506 rogo,
905 436 935 486 et
944 448 1015 507 quos
1103 452 1110 484 ·,

175 509 251 566 ferro
268 509 404 566 trucidari
421 509 581 586 oportebat,
593 527 643 566 eos
659 508 788 565 nondum
805 528 874 566 voce
888 507 1013 568 vulnero}

175 588 267 646 Fuisti
287 589 377 666 igitur
397 588 475 666 apud
492 587 611 645 Laecam
628 587 677 645 illa
692 594 785 659 nocte,
797 586 937 645 Catilina:
960 588 1015 646 dis·
1103 644 1107 653 ,

174 668 300 726 tribuisti
321 675 425 745 partes,
437 667 552 726 Italiae:
575 667 700 725 statuisti
717 685 774 744 quo
792 685 933 744 quemque
951 686 1015 743 pro

110 811 116 820 ,
174 746 262 804 ficisci
282 747 422 824 placeret:
448 747 579 825 delegisti
604 764 676 825 quos
700 745 809 804 Romae
833 746 1013 823 relinqueres,
1114 765 1116 828 ξ

175 845 248 903 quos
260 834 356 884 tecum
371 827 534 885 educeres·
542 825 711 904 discripsisti
725 825 803 883 urbis
814 833 909 918 partes
922 826 958 886 ad
973 826 1014 883 in·

174 906 291 963 cendia.
320 905 493 966 confirmasti
471 914 547 964 tte
571 907 666 998 ipsum
689 906 747 963 iam
772 925 832 962 esse
855 905 1013 963 exiturum:

174 984 272 1043 dixisti
272 984 445 1077 paullulum
463 985 518 1044 tibi
538 1005 598 1044 esse
619 987 706 1044 etiam
723 1005 799 1043 nunc
815 1003 920 1055 morae,
936 985 1015 1061 quod

174 1083 229 1141 ego
252 1065 384 1123 viverem.
434 1065 553 1142 Reperti
580 1072 647 1122 sunt
671 1065 729 1123 duo
756 1065 867 1142 equites
890 1029 1015 1122 R’omani

175 1145 224 1222 qui
248 1152 277 1202 te
298 1145 353 1202 ista
376 1164 444 1202 cura
463 1144 615 1202 liberarent
635 1151 665 1216 et
689 1164 750 1202 sese
774 1144 850 1201 illa
843 1163 917 1220 ipsa
929 1141 1014 1201 no'cte

173 1222 269 1300 paullo
290 1231 356 1282 ante
375 1223 469 1282 lucem
489 1243 546 1290 me
555 1225 585 1280 in
606 1243 671 1282 meo
690 1223 794 1281 lectulo
813 1223 1015 1281 interfecturos

174 1321 233 1360 esse
260 1303 486 1381 pollicerentur·
516 1309 562 1361 10.
584 1303 665 1360 Haec
689 1323 744 1381 ego
771 1303 876 1374 omnia,
896 1302 1014 1360 vixdum

174 1383 261 1440 etiam
275 1390 359 1441 coetu
375 1391 437 1441 vest
438 1403 470 1441 ro
425 1383 603 1441 tdimisso
604 1383 763 1460 ,comperi2
785 1384 905 1440 domum
919 1401 1014 1440 meam

173 1461 329 1520 maioribus
352 1462 501 1538 praesidiis
524 1463 635 1520 munivi
659 1470 745 1539 atque
768 1461 887 1534 firmavi,
908 1462 1014 1520 exclusi

174 1561 231 1613 eos,
247 1561 319 1618 quos
339 1548 372 1599 tu
392 1542 430 1599 ad
451 1562 498 1599 me
522 1535 676 1600 salutatum
696 1561 781 1600 mane
804 1543 930 1613 miseras,
948 1561 1013 1600 cum

164 1620 247 1678 uli
239 1622 307 1714 ipsi⁸¹
319 1621 470 1694 venissent,
491 1641 563 1699 quos
590 1641 651 1714 ego·
669 1620 726 1678 iam
753 1621 852 1679 multis
879 1641 912 1679 ae
939 1641 1015 1679 sum·

173 1700 229 1757 mis
252 1701 320 1758 viris
343 1701 381 1758 ad
404 1720 451 1758 me
475 1701 507 1758 id
529 1701 669 1778 temporis
692 1708 828 1760 venturos
851 1720 912 1759 esse
935 1720 1015 1778 prae-

174 1779 309 1838 dixeram.

207 1859 251 1917 ·.V
267 1859 346 1928 Quae
370 1879 437 1918 eum
460 1860 502 1918 ita
525 1860 591 1932 sint,
609 1827 741 1932 Catilina,
758 1879 846 1938 perge
871 1879 928 1938 quo
952 1879 1014 1918 coe

173 1938 258 2016 pisti·
280 1940 413 2016 egredere
433 1940 587 2018 aliquando
608 1959 643 1997 ex
663 1940 750 2000 urbe:
775 1947 876 2018 patent
896 1948 1012 2018 portae:

173 2018 358 2094 proficiscere.
400 2019 532 2077 Nimium
553 2020 604 2077 diu
624 2027 653 2078 te
673 2021 875 2096 imperatorem
896 2026 947 2077 tua
966 2019 1015 2077 illa

174 2097 319 2155 Manliana
331 2105 423 2156 castra
436 2099 606 2157 desiderant
648 2099 729 2157 Educ
743 2107 839 2157 tecum
854 2099 941 2157 etiam
955 2119 1015 2156 om-

173 2195 224 2234 nes
241 2184 315 2249 tuos,
333 2178 357 2234 si
378 2178 483 2249 minus,
482 2197 588 2257 quam
608 2178 764 2256 plurimos:
792 2197 885 2271 purga
904 2178 1012 2237 urbem.

174 2256 281 2334 Magno
302 2277 348 2314 me
368 2265 449 2315 metu
470 2223 610 2328 liberabis,
626 2258 696 2315 dum
712 2258 801 2315 modo
817 2258 893 2316 inter
910 2277 957 2316 me
974 2265 1015 2315 at

174 2354 229 2412 que
243 2343 272 2394 te
286 2356 384 2394 murus
394 2336 514 2395 mtersrt
551 2336 709 2394 Nobiscum
720 2357 824 2394 versari
838 2338 895 2394 iam
906 2337 1014 2395 diutius
1127 2365 1128 2370 ι

173 2433 232 2472 non
249 2423 348 2492 potes:
371 2435 430 2474 non
447 2417 547 2488 feram,
560 2434 618 2472 non
631 2417 733 2492 patiar,
746 2435 805 2473 non
822 2417 922 2474 sinam.
967 2422 1012 2474 ll.
1127 2439 1128 2442 ¹

174 2493 280 2570 Magna
293 2495 346 2552 dis
351 2460 561 2553 immortalibris
575 2495 707 2553 habenda
720 2501 764 2552 est
777 2502 863 2573 atque
876 2495 966 2554 huic
958 2496 1014 2588 ipsi
1127 2509 1128 2572 3

174 2572 237 2630 Iovi
251 2574 358 2631 Statori
359 2575 577 2652 ,antiquissimo
592 2575 704 2632 custodi
715 2574 800 2632 huius
813 2575 892 2633 urbis
893 2576 1013 2667 ,gratia
1127 2579 1128 2632 l

174 2637 253 2728 quod
269 2652 343 2710 hanc
359 2660 420 2711 tam
440 2662 569 2725 taetram,
581 2661 641 2712 tam
658 2653 824 2711 horribilem
840 2654 981 2732 tamque
973 2674 1016 2711 ιιι-

173 2731 278 2788 festam
299 2733 340 2790 rei
360 2733 490 2825 publicae
510 2740 621 2810 pestem
642 2733 776 2790 totiens
769 2752 826 2790 ram
851 2734 1013 2810 effugimus.

173 2809 242 2867 Non
256 2817 299 2869 est
313 2813 425 2889 saepius
438 2813 469 2869 ιιι
483 2831 541 2870 uno
555 2812 672 2870 homine
689 2831 801 2869 summa
817 2812 892 2869 salus
905 2812 1016 2889 pericli·

173 2890 263 2947 tanda
279 2891 320 2948 rei
336 2890 474 2968 publicae.
518 2891 611 2961 Quam
628 2892 678 2949 diu
699 2891 771 2948 mihi
792 2890 903 2949 consuli
924 2891 1016 2969 desig·

173 2976 251 3042 nato,
263 2969 395 3041 Catilina,
410 2970 562 3028 insidiatus
583 2991 620 3042 es,
636 2990 695 3028 non
711 2969 827 3047 publico
848 2989 895 3028 me
912 2971 1016 3047 praesi-

174 3048 232 3121 dio,
248 3049 299 3106 sed
317 3050 428 3127 privata
446 3050 596 3128 diligentia
614 3050 739 3108 defendi,
782 3051 857 3108 Cum
875 3050 1015 3126 proximis

173 3129 299 3196 comitiis
313 3129 508 3187 consularibus
521 3149 568 3187 me
581 3129 726 3187 consulem
741 3130 771 3187 in
786 3149 888 3206 campo
899 3136 928 3186 et
939 3148 1014 3186 com·
