2262 3412
138 131 172 180 42
301 130 342 181 IN
358 129 388 182 L.
405 129 608 182 CATILINAM
625 131 759 184 ORATIO
775 131 812 185 Π.

139 231 250 303 extulit,
261 231 340 308 quod
352 231 521 326 vivispobis
534 252 663 310 egressus
676 240 727 306 est,
738 233 817 310 quod
830 233 978 320 eifennm

140 309 309 369 e'inanibus
329 317 507 384 extorsimus
526 313 604 390 quod
623 312 781 371 incolumes
801 313 884 386 cives,
900 314 979 391 qnod
1080 336 1084 346 ·

140 381 264 448 stante'm
275 390 375 448 urbem
386 390 508 470 reliquit,
517 399 624 470 quanto
635 392 751 450 tandem
759 392 841 450 illum
851 412 979 470 maerore

140 489 201 528 esse
211 469 358 528 adflictum
370 477 399 528 et
409 470 593 548 profligatum
603 473 729 549 putatisl
757 471 834 530 Iaeet
844 471 892 530 ille
902 491 979 531 nuno

140 557 355 628 prostratusque
365 557 408 608 est
419 557 448 608 et
458 570 487 609 se
497 551 658 628 perculsum
668 558 755 629 atque
765 551 907 609 abiectum
918 571 979 611 esse

141 629 229 707 sentit
250 636 280 688 et
301 636 447 707 retorquet
468 611 565 688 oeul'ds
586 631 717 708 profecto
742 649 825 708 saepe
847 631 884 688 ad
905 631 979 689 hano

140 708 249 781 urbem,
270 700 394 786 quam'e
416 709 474 767 suis
495 709 626 793 farmibus
649 717 776 787 ereptam
799 729 860 768 esse
882 709 978 788 luget:
1077 737 1081 744 ·

140 806 213 864 quae
231 785 347 865 quidem
363 788 462 846 laetari
477 789 550 847 mihi
564 789 684 862 videtur,
696 789 775 867 quod
791 795 902 848 tantam
918 809 980 868 pes-

1 867 3 874 ’
55 881 79 966 p
97 851 126 950 :p
140 872 201 924 tem
214 868 372 926 evomuerit
385 868 518 946 forasque
531 869 689 946 proiecerit.

39 937 68 968 ‘³'
86 933 107 962 Κ·
181 944 219 1004 ΙΙ.
263 953 289 1005 3.
310 946 356 1004 Ae
380 948 405 1004 si
416 937 493 1025 'opris
516 955 559 1006 est
582 948 655 1033 taljp,
675 947 772 1026 quales
796 967 896 1008 omnes
919 969 980 1008 esse

141 1025 301 1104 oportebat,
314 1026 364 1104 qui
377 1027 408 1083 in
420 1027 477 1085 hoo
493 1027 565 1104 ipso,
576 1029 607 1084 in
624 1046 681 1105 quo
698 1027 821 1086 exsultat
837 1035 866 1087 et
881 1029 981 1087 trium-

141 1099 212 1181 phat
229 1106 321 1163 oratio
339 1125 411 1178 mea,
426 1126 473 1164 me
489 1107 671 1165 vehementer
688 1114 809 1200 accipet,
823 1109 903 1185 quod
919 1116 981 1166 tam

141 1167 296 1276 eap'mffiehi’
306 1185 419 1244 hostem
432 1205 492 1244 non
506 1187 770 1264 comprehenderim
782 1187 880 1264 potius
894 1207 980 1266 quam

141 1264 294 1336 emiserim,
313 1284 372 1323 non
396 1271 440 1324 est
461 1267 516 1324 ista
537 1285 602 1324 mea
623 1250 786 1343 eulpa'sed
807 1273 979 1345 tempomm.

142 1342 330 1403 Interfeotum
344 1364 404 1402 esse
415 1345 446 1403 Ia
454 1345 606 1403 Catilinam
619 1352 648 1403 et
657 1345 825 1423 gravissimo
839 1347 980 1424 supplicio

142 1423 289 1482 adfectum
303 1425 359 1482 iam
394 1424 486 1482 ridem
503 1425 661 1502 opo1tebat,
673 1425 760 1502 idque
776 1443 793 1482 a
808 1444 855 1484 me
872 1434 901 1484 et
917 1445 981 1484 mos

141 1503 284 1560 maiorum
307 1509 337 1562 et
349 1444 442 1562 hians
461 1504 575 1581 imperii
593 1505 728 1562 severitas
752 1511 781 1563 et
801 1523 846 1562 res
865 1505 981 1582 publiea

29 1589 32 1595 '
141 1582 313 1660 postulabat
358 1583 416 1641 Sed
440 1603 526 1661 quam
552 1583 660 1642 multos
683 1584 771 1642 fuisse
794 1585 904 1662 putatis
931 1587 980 1663 qui

142 1681 215 1739 quae
229 1681 283 1739 ego
297 1663 438 1721 deferrem
451 1683 510 1721 non
524 1663 689 1740 eredffentl
709 1682 795 1742 quam
808 1664 916 1722 multos
930 1666 981 1742 qui

141 1749 260 1819 propter
281 1721 432 1800 stultitiam
452 1762 511 1800 non
530 1744 682 1820 putarentl
704 1762 790 1820 quam
807 1743 914 1802 multos
930 1745 981 1822 qui
1095 1757 1101 1764 “

141 1822 229 1879 etiam
251 1821 456 1897 defenderent?
480 1841 565 1900 quam
589 1823 696 1880 multos
718 1823 768 1900 qui
789 1825 981 1902 propter-im·

141 1902 315 1978 probitatem
336 1902 483 1960 faverentl
524 1900 569 1959 Ae
591 1902 614 1959 si
635 1902 685 1959 illo
706 1902 818 1960 sublato
838 1903 943 1981 depelli
963 1924 981 1962 a

35 2043 37 2048 ,
141 1982 223 2039 vobis
245 2001 330 2040 omne
351 1981 508 2059 perieulum
529 1973 768 2053 iudicarem'si'a'm
788 1983 901 2058 pridem
925 2004 980 2062 ego

131 2060 172 2119 Ji.
184 2061 339 2118 Catilinam
355 2079 414 2118 non
430 2061 519 2118 modo
535 2044 659 2118 invidiae
677 2080 766 2132 meae,
777 2081 876 2119 vemm
892 2063 980 2121 etiam

140 2142 215 2198 vitae
232 2141 359 2218 periculo
376 2140 560 2198 sustulissem.
596 2144 623 2198 4.
645 2139 703 2198 Sed
719 2159 784 2198 oum
801 2141 850 2199 vid
896 2161 927 2199 m
943 2163 980 2200 ne
1005 2170 1010 2191 r
1030 2141 1128 2187 affl*

117 2239 127 2312 p
141 2221 223 2280 vobis
233 2222 349 2298 quidem
361 2209 535 2278 omnifiu'sre
546 2219 705 2277 etiamtum
716 2219 807 2298 proba
854 2221 878 2279 si
888 2221 978 2294 illum,

141 2307 174 2359 ut
188 2309 247 2358 erat
261 2302 388 2372 meritus,
397 2306 491 2358 morte
504 2299 679 2382 multassem,
689 2300 752 2357 fore
765 2307 799 2357 ut
812 2301 873 2358 eins
887 2302 980 2359 socios

141 2379 249 2438 invidia
265 2400 417 2458 oppressus
433 2379 565 2457 persequi
578 2397 637 2436 non
651 2396 774 2455 possem,
785 2397 846 2436 rem
859 2379 916 2438 huo
933 2380 980 2438 de·

141 2459 219 2532 duxi,
234 2467 267 2518 ut
287 2467 350 2517 tum
370 2460 465 2537 palam
486 2477 614 2537 pugnare
634 2459 764 2535 possetis,
779 2477 845 2516 oum
866 2459 979 2518 hostem
1091 2484 1128 2550 p,

141 2545 239 2616 aperte
258 2539 400 2598 videretis.
445 2538 538 2609 Quem
559 2537 677 2615 quidem
698 2556 753 2614 ego
772 2537 894 2611 hostem,
912 2538 980 2608 Qui-
1020 2550 1086 2616 iffi

93 2668 104 2701 κ
129 2605 217 2739 pltea,
230 2637 316 2696 quam
329 2619 512 2678 vehementer
527 2618 617 2696 Q
616 2635 676 2674 esse
692 2617 853 2675 timendum
870 2620 1022 2696 putem,¹me
1036 2634 1045 2667 'x

11 2745 15 2750 -
43 2696 288 2776 i,r=1i·''lioethine
305 2698 479 2794 intelligatis,
491 2697 570 2777 qnod
586 2695 673 2755 etiam
687 2696 759 2754 illud
772 2697 891 2755 moleste
908 2698 979 2770 fero,
1001 2767 1009 2776 ,
1025 2757 1039 2775 s

121 2776 221 2854 ''quod
234 2796 268 2834 ex
282 2777 351 2836 n'rbe
364 2797 466 2855 parum
480 2778 634 2835 comitatus
647 2777 755 2856 exiepit.
797 2776 919 2836 Utinam
932 2776 980 2834 ille

133 2876 160 2936 :o
191 2876 227 2914 ne
282 2858 455 2950 epmpopias
466 2843 700 2940 suas‘eduffl‘ssetl
731 2856 896 2933 Tongilium
907 2857 980 2930 mihi

67 2847 75 2857 .
95 2820 120 2852 *2

11 2827 100 2948 aa*
920 2917 959 2940 .-

28 2949 102 3009 s*
141 2937 178 2994 ed
217 2955 343 3014 1,quem
358 2955 452 2994 amare
465 2937 496 2994 in
506 2939 653 3013 praetexta
667 2944 806 3014 coeperat,
817 2937 980 2996 Publicium
1090 2971 1093 2979 ι

48 3014 55 3023 '
140 3023 171 3074 et
192 3012 363 3087 Munatium,
383 3035 505 3092 quorum
531 3035 577 3073 aes
601 3017 723 3074 alienum
749 3024 927 3076 contractum
950 3018 980 3073 in

141 3097 250 3176 pqpina
265 3095 375 3153 nullum
392 3095 577 3171 reipublicae
592 3102 705 3153 motum
722 3096 833 3154 adferre
850 3103 980 3174 poterat:

142 3174 257 3252 reliquit
277 3193 349 3251 quos
369 3175 461 3233 viros!
484 3181 592 3252 quanto
613 3194 676 3232 aere
697 3175 806 3233 alieno!
830 3195 915 3252 quam
937 3197 981 3235 vu
