2262 3412
359 147 439 200 CAP.
455 148 679 213 xxm-xxia,
695 149 710 210 ἓ
724 152 815 205 64-70.
976 157 1009 207 28

166 257 272 336 quibus
292 253 510 313 condicionibus
530 251 747 331 proficiscantur
762 253 897 332 ignorant
912 255 1009 314 videli-

166 344 212 395 cet
225 337 282 407 isti,
295 335 345 413 qui
359 335 396 392 ad
410 355 500 393 unum
511 335 667 393 deferenda
680 336 777 394 omnia
790 355 850 395 esse
864 355 923 394 non
937 336 1008 394 arbi-

166 417 296 474 tranturl
337 413 425 484 Quasi
444 434 511 472 vero
528 414 580 473 Cn.
593 414 767 492 Pompeium
785 434 844 473 non
863 435 930 474 cum
949 417 1008 474 suis

166 495 320 553 virtutibus
336 501 400 553 tum
419 494 506 552 etiam
523 494 622 551 alienis
638 494 716 552 vitiis
737 515 874 572 magnum
892 515 951 554 esse
968 496 1007 553 vi-

166 576 291 633 deamus.
335 579 381 632 68.
400 572 465 643 Qua
482 593 513 631 re
529 573 618 631 nolite
635 573 765 632 dubitare
783 575 852 652 quin
868 575 935 632 huic
957 576 1007 633 uni

85 707 89 714 .
166 655 287 712 credatis
302 654 406 726 omnia,
420 653 470 730 qui
483 653 558 710 inter
571 659 617 710 tot
630 672 721 710 annos
734 672 808 710 unus
821 654 955 712 inventus
969 655 1006 713 sit

167 752 252 811 quem
269 734 339 792 socii
355 733 386 791 in
402 732 488 792 urbes
504 751 569 790 snas
589 751 655 790 cum
672 733 798 796 exercitu
814 733 923 792 venisse
939 752 1007 811 gau-

166 813 260 872 deant.
965 849 968 854 -

205 893 292 962 Quod
306 894 331 951 si
344 891 562 951 auctoritatibus
576 891 649 950 hanc
663 910 786 965 causam,
797 891 930 965 Quirites,
941 911 1006 951 eon-

165 971 334 1034 firmandam
348 973 465 1050 putatis,
474 979 519 1031 est
532 972 614 1030 vobis
628 979 728 1031 auctor
737 973 780 1031 vir
792 973 932 1031 bellorum
946 992 1006 1030 om-

165 1052 246 1110 nium
254 1054 499 1130 maximarumque
508 1073 601 1112 rerum
610 1053 808 1131 peritissimus,
818 1052 851 1111 P.
860 1053 1003 1126 Servilius,

165 1132 245 1189 cuius
258 1139 354 1190 tantae
373 1152 417 1190 res
435 1140 532 1211 gestae
545 1141 620 1192 terra
635 1133 763 1210 marique
783 1133 959 1206 exstiterunt,
972 1139 1005 1191 ut

165 1231 231 1269 cum
252 1213 288 1270 de
308 1212 383 1270 bello
405 1213 574 1284 deliberetis,
590 1219 689 1270 auctor
709 1212 791 1270 vobis
811 1212 924 1303 gravior
944 1231 1015 1292 esse·

164 1309 250 1348 nemo
271 1291 381 1362 debeat,
394 1298 438 1349 est
454 1291 486 1350 C.
497 1289 593 1363 Curio,
606 1291 725 1348 summis
741 1297 843 1349 vestris
859 1291 1004 1350 beneficiis

164 1371 354 1448 maximisque
370 1370 454 1428 rebus
470 1371 566 1448 gestis,
582 1389 695 1428 summo
709 1371 825 1448 ingenio
840 1378 869 1429 et
882 1371 1004 1448 pruden-

164 1450 205 1508 tia
227 1451 381 1528 praeditus,
397 1457 441 1508 est
462 1449 514 1508 On.
531 1449 676 1521 Lentulus,
695 1451 725 1508 in
748 1470 805 1528 quo
830 1470 930 1508 omnes
950 1470 1004 1528 pro

164 1529 348 1608 amplissimis
372 1530 472 1588 vestris
495 1529 653 1588 honoribus
673 1549 818 1587 summurn
843 1531 1002 1603 consilium,

164 1629 306 1667 summam
326 1610 497 1687 gravitatem
517 1629 577 1667 esse
598 1611 751 1688 cognostis,
767 1617 810 1668 est
830 1609 863 1668 Ο.
880 1609 1002 1683 Cassius,

163 1689 338 1766 integritate,
350 1690 464 1761 virtute,
480 1690 641 1748 constantia
657 1690 801 1767 singulari.
843 1689 950 1759 Quare
964 1689 1004 1747 vi·

162 1767 230 1840 dete
250 1775 283 1826 nt
302 1768 406 1826 horum
431 1768 648 1826 auctoritatibus
668 1769 782 1827 illorum
803 1769 935 1842 orationi,
954 1769 1003 1847 qui

164 1847 345 1921 dissentiunt,
357 1849 528 1926 respondere
542 1867 625 1926 posse
639 1848 804 1913 videamur„

203 1927 317 1988 XXIV.
361 1935 407 1986 69.
426 1928 505 1997 Quae
530 1947 596 1985 cmn
619 1927 661 1986 ita
687 1929 752 2000 sint,
771 1928 809 1997 C.¹
819 1927 927 2000 Manili,
947 1929 1003 2005 pri-

163 2028 244 2066 mum
261 2009 346 2067 istam
363 2015 443 2066 tuam
460 2015 489 2065 et
505 2007 598 2085 legem
616 2014 645 2066 et
658 2007 836 2065 voluntatem
850 2015 879 2065 et
893 2015 1003 2075 senten-

164 2089 234 2146 tiam
248 2088 333 2145 laudo
345 2087 649 2164 vehementissimeque
663 2087 836 2164 comprobo:
859 2087 963 2145 deinde
973 2094 1002 2146 te

163 2167 272 2239 hortor,
283 2174 317 2225 ut
330 2174 445 2224 auctore
458 2166 567 2244 populo
578 2166 709 2224 Romano
721 2185 835 2224 maneas
847 2167 878 2223 in
893 2174 1003 2225 senten·

163 2247 205 2304 tia
214 2266 285 2304 neve
299 2248 466 2324 cuiusquam
477 2246 536 2303 vim
549 2253 600 2303 aut
614 2247 706 2303 minas
716 2247 906 2323 pertimescas.
942 2246 1003 2305 Pri·

163 2346 244 2384 mum
260 2327 291 2384 in
312 2334 341 2384 te
362 2327 430 2384 satis
451 2345 511 2383 esse
527 2325 616 2383 animi
634 2326 913 2403 perseverantiaeque
932 2326 1003 2384 arbi·

164 2413 239 2464 tror:
265 2407 368 2464 deinde
389 2426 455 2464 curn
472 2411 582 2463 tantam
602 2405 816 2464 multitudinem
836 2424 901 2462 cum
920 2412 1002 2464 tanto

165 2487 259 2544 studio
274 2487 372 2544 adesse
385 2486 540 2555 videamus,
553 2491 690 2562 quantam
704 2485 808 2542 iterum
823 2504 899 2542 nunc
913 2485 943 2542 in
958 2505 1003 2544 eo

164 2565 229 2622 dem
243 2563 361 2623 homine
374 2565 564 2642 praeficiendo
578 2564 716 2636 videmus,
730 2564 853 2641 quidest
864 2565 1003 2642 quodaut

140 2695 144 2704 .
164 2644 200 2701 de
216 2663 246 2702 re
263 2652 313 2702 aut
329 2645 365 2702 de
381 2644 546 2722 perficiendi
563 2644 699 2702 facultate
716 2643 898 2703 dubitemus?
938 2645 1002 2722 Ego

165 2731 261 2782 autem
276 2724 416 2802 quidquid
429 2733 474 2782 est
487 2725 518 2781 in
531 2744 578 2782 mc
595 2724 692 2796 studii,
704 2723 824 2796 consilii,
835 2724 949 2796 laboris,
962 2725 1003 2782 in·

163 2803 249 2880 genii,
269 2804 410 2881 quidquid
425 2804 481 2862 hoc
501 2803 640 2862 beneficio
656 2803 758 2881 populi
774 2803 899 2862 Romani
917 2811 1002 2880 atque

164 2883 217 2940 hac
240 2891 383 2960 potestate
407 2884 556 2961 praetoria,
575 2883 717 2961 quidquid
740 2885 918 2955 auctoritate,
936 2883 1000 2955 fide,

164 2963 324 3020 constantia
339 2982 465 3039 possum,
480 2963 511 3020 id
528 2983 612 3021 omne
629 2963 666 3020 ad
682 2963 756 3021 hano
773 2983 832 3021 rem
853 2961 1002 3020 conficien-
1085 2970 1087 2974 ’

164 3043 230 3099 dam
245 3042 299 3101 tibi
313 3050 342 3100 et
352 3043 460 3120 populo
471 3043 603 3106 Romano
617 3042 755 3120 polliceor
768 3062 801 3100 ac
815 3042 931 3101 defero:
954 3041 970 3099 7
973 3048 1000 3100 0.

163 3129 309 3198 testorque
326 3141 425 3180 omnes
446 3123 515 3180 deos
532 3129 562 3180 et
577 3141 627 3180 eos
642 3123 775 3194 maxime,
788 3123 837 3200 qui
854 3121 921 3179 huic
938 3121 1002 3179 loco

163 3201 329 3280 temploque
350 3202 521 3280 praesident,
540 3201 590 3279 qui
610 3201 741 3260 omnium
761 3207 872 3258 mentes
892 3219 1000 3274 eorum,

280 3301 298 3353 3
