2262 3418
315 152 395 226 cnr.
411 121 685 216 niernum,
702 116 716 213 1
731 155 821 204 11-11.
943 157 991 204 roe

148 261 234 334 atque
250 235 320 314 haec
334 275 352 313 a
364 255 448 313 nobis
462 262 566 332 petunt
582 256 687 329 omnia,
699 276 792 335 neque
808 256 866 314 ulla
879 275 909 315 re
926 257 989 331 alia,

149 355 221 414 qnae
231 355 249 393 a
258 335 342 393 nobis
355 343 575 412 consequuntur,
585 336 641 393 nisi
652 355 738 413 opera
748 356 799 394 sua
812 339 990 414 compensari

148 421 252 492 putant
265 433 356 492 posse.
395 414 496 491 Itaque
510 421 539 472 et
551 414 609 492 legi
623 415 735 487 Fabiae,
748 435 820 493 quae
834 423 877 474 est
890 416 926 474 de
940 436 990 474 nu·

148 513 227 552 mero
252 500 433 564 sectatorum,
451 500 480 551 et
502 501 616 551 senatus
636 495 776 565 consulto,
813 495 873 553 uod
893 502 937 554 est
957 495 988 554 L.

149 571 267 631 Caesare
281 572 396 630 consule
410 573 528 645 factum,
542 573 714 632 restiterunt.
755 573 785 631 N
786 515 843 632 dlla
856 582 899 633 est
912 576 989 632 enim

148 671 242 730 poena
263 671 334 730 quae
354 653 446 729 possit
467 651 675 710 observantiam
696 653 859 711 tenuiorum
880 654 916 711 ab
934 654 989 713 hoc

148 738 243 789 vetere
252 732 388 789 instituto
403 731 561 790 officiorum
573 732 729 791 excludere.
766 732 812 791 72.
831 733 873 791 At
884 741 990 811 specta

148 810 213 868 cula
226 818 293 869 sunt
306 810 438 869 tributim
451 811 519 869 data
532 820 561 870 et
575 812 612 870 ad
621 813 775 890 prandium
786 812 873 891 vulgo
886 814 988 872 vocati.

148 889 211 947 Etsi
226 889 280 948 hoc
297 891 407 949 factum
425 911 442 949 a
457 892 577 950 Murena
593 894 720 965 omnino,
732 893 849 964 iudices,
861 912 920 951 non
937 900 988 965 est,

149 968 185 1026 ab
202 970 262 1028 eius
278 971 379 1028 amicis
394 978 490 1029 autem
507 991 587 1030 more
606 980 635 1030 11
651 973 739 1031 modo
756 974 866 1031 factum
883 980 935 1045 est,
950 979 991 1030 ta·

148 1067 215 1106 men
234 1049 399 1107 admonitus
416 1069 447 1107 re
465 1051 529 1127 ipsa
545 1051 679 1109 recordor
697 1059 835 1129 quantum
852 1052 907 1110 hae
924 1071 991 1109 con-

150 1129 313 1205 questiones
326 1129 357 1184 in
371 1135 472 1186 senatu
485 1128 599 1188 habitae
612 1138 785 1206 punctorum
798 1132 890 1203 nobis,
901 1131 989 1203 Servi,

150 1203 331 1265 detraxerint
373 1206 460 1276 Quod
476 1209 552 1265 enim
566 1215 681 1284 tempus
694 1208 752 1266 init
765 1216 815 1267 aut
829 1217 926 1267 nostra
941 1217 991 1267 aut

150 1292 264 1364 patrum
283 1292 448 1344 nostrorum
465 1287 605 1344 memoria
623 1307 681 1365 quo
699 1287 777 1359 baec,
793 1288 851 1346 sive
869 1288 990 1347 ambitio

150 1373 194 1424 est
210 1366 269 1423 sive
282 1364 444 1438 liberalitas,
455 1385 515 1424 non
529 1367 625 1438 fuerit,
637 1373 671 1424 111
684 1366 764 1424 locus
780 1367 853 1424 etin
870 1368 945 1424 circo
962 1374 991 1424 et

148 1445 179 1502 in
193 1445 259 1502 foro
273 1445 388 1503 daretur
401 1446 500 1504 amicis
514 1453 543 1504 et
556 1445 726 1504 tribulibusl
766 1446 846 1504 Haec
860 1446 991 1504 homines

149 1525 293 1582 tenuiores
313 1524 444 1582 nondum
464 1525 514 1602 qui
535 1543 568 1583 ea
588 1526 646 1599 suis
665 1524 819 1584 tribulibus
837 1531 931 1584 vetere
950 1526 991 1584 in-

150 1605 252 1664 stituto
266 1603 528 1683 adsequebantur*
542 1603 561 1639 ²*
575 1603 594 1639 ²*

443 1683 530 1741 Deest
542 1703 599 1741 con
612 1685 696 1743 1111111.

150 1761 278 1822 XXXV.
322 1761 368 1821 73.
391 1762 574 1821 Praefectum
593 1764 708 1822 fabrum
727 1763 814 1823 semel
830 1764 927 1823 locum
942 1765 991 1824 tri·

150 1842 265 1901 bulibus
282 1843 340 1900 suis
354 1843 482 1900 dedisse:
505 1843 575 1920 quid
589 1850 716 1901 statuent
729 1845 760 1901 in
774 1845 850 1902 viros
864 1844 992 1922 primari-

87 1924 89 1930 '
151 1941 191 1993 os,
204 1923 254 1999 qui
269 1923 301 1979 in
317 1923 393 1979 circo
410 1928 487 1986 totas
502 1921 634 1980 tabernas
650 1922 799 1981 tribulium
816 1943 900 1981 causa
916 1943 992 1981 com-

151 2002 305 2078 pararunt?
345 2001 426 2058 Haec
443 2002 541 2058 omnia
559 2009 740 2074 sectatorum,
756 2002 990 2079 spectaculorum,
1058 2050 1061 2058 .

151 2080 337 2157 prandiorum
354 2081 424 2138 item
441 2081 561 2138 crimina
577 2100 594 2137 a
609 2080 796 2139 multitudine
812 2083 842 2139 in
856 2089 936 2140 tuam
950 2083 992 2139 ni-

151 2159 239 2216 miam
261 2159 450 2237 diligentiam,
468 2160 556 2232 Servi,
574 2160 704 2219 coniecta
727 2168 810 2218 sunt:
835 2161 866 2218 in
888 2160 992 2238 quibus

151 2245 249 2296 tamen
272 2239 391 2296 Murena
417 2238 453 2295 ab
480 2247 594 2296 senatus
621 2240 791 2298 auctoritate
818 2240 990 2299 defenditur.

152 2315 230 2386 Quid
248 2319 344 2376 enimi
384 2317 506 2376 Senatus
524 2337 595 2375 num
616 2320 731 2377 obviam
749 2319 864 2396 prodire
884 2320 991 2378 crimen

151 2398 253 2473 putati
289 2397 429 2468 Non,sed
443 2415 604 2456 naasson:
626 2399 771 2457 convince.
813 2399 892 2457 Num
906 2406 993 2457 secta-

152 2477 176 2533 ri
192 2476 318 2534 multost
358 2476 434 2548 Non,
451 2476 501 2534 sed
518 2495 712 2536 counucros:
735 2478 813 2536 doce.
855 2477 935 2536 Num
952 2479 993 2536 lo·

151 2574 217 2612 cum
235 2555 272 2612 ad
286 2556 472 2632 spectandum
486 2556 554 2614 dare
571 2563 622 2614 aut
637 2557 675 2614 ad
687 2558 840 2635 prandium
854 2558 992 2617 invitaret

151 2633 280 2705 Minime,
293 2634 344 2691 sed
356 2653 466 2694 vuaso.
502 2635 580 2704 Quid
594 2644 638 2694 est
652 2638 773 2695 vuuool
806 2637 918 2695 Passim
932 2639 993 2695 uni·
1055 2641 1057 2646 '

151 2732 254 2771 versos
297 2713 364 2771 Non
381 2714 478 2791 igitur,
493 2716 518 2773 si
534 2714 565 2773 L.
577 2715 675 2788 Natta,
690 2735 803 2774 summo
819 2716 883 2775 loco
900 2717 993 2776 adole·

152 2811 240 2864 scens,
253 2793 303 2871 qui
317 2800 347 2855 et
361 2813 417 2871 qno
434 2796 531 2852 animo
545 2795 603 2852 iam
620 2796 658 2853 sit
674 2802 703 2854 11
717 2796 808 2873 qualis
821 2797 865 2854 vir
878 2797 992 2854 futurus

152 2872 190 2930 sit
206 2873 344 2944 videmus
360 2873 390 2929 111
411 2874 541 2951 equitum
562 2876 698 2933 centuriis
715 2876 808 2934 voluit
828 2895 888 2933 esse
909 2876 993 2933 etad

151 2950 207 3009 hoc
228 2951 354 3010 officium
375 2953 593 3012 necessitudinis
613 2962 642 3013 11
662 2955 700 3013 ad
719 2955 860 3033 reliquum
878 2961 992 3032 tempus

152 3030 301 3108 gratiosus,
313 3032 345 3089 id
358 3032 412 3089 erit
428 3033 489 3090 ei'us
502 3033 604 3092 vitrico
620 3034 716 3092 fraudi
732 3041 783 3093 aut
798 3032 918 3104 crimini,
931 3053 991 3105 nec,

152 3109 177 3166 si
195 3110 275 3188 virgo
292 3110 426 3184 Vestalis,
440 3111 527 3171 huius
544 3113 708 3191 propinqua
727 3120 757 3171 11
775 3113 938 3183 necessaria,
953 3112 994 3169 lo-

152 3207 218 3247 cum
229 3210 312 3248 suum
322 3190 525 3269 gladiatorium
540 3194 680 3252 concessit
689 3192 765 3264 huic,
775 3211 834 3249 non
848 3198 878 3249 et
888 3191 936 3248 illa
945 3191 993 3269 pie
