2262 3412
127 127 160 175 ld
236 124 286 174 Du
303 122 457 175 IMPERIO
474 123 528 175 CN.
542 123 697 176 ΡΟΜΡΕΠ
712 124 856 178 ORATIO.
873 178 876 179 a

127 234 191 284 tum
205 225 334 298 oonsilio,
346 231 486 302 quantum
502 224 618 283 dicendi
630 225 770 302 gravitate
784 233 813 284 et
827 225 910 304 copia
920 245 969 286 ua-

128 307 193 378 leat,
204 305 235 362 in
250 323 307 383 quo
321 306 386 382 ipso
400 305 475 362 inest
486 305 625 382 quaedam
636 305 762 382 dignitas
775 306 967 383 imperatoria,

128 405 187 457 vos,
200 384 333 456 Quirites,
346 384 402 442 hoc
418 385 482 461 ipso
499 403 534 441 ex
548 385 612 442 loeo
629 404 712 462 saepe
729 387 882 462 cognostis,
924 386 969 444 Fi-

129 466 195 523 dem
209 484 276 522 vero
293 465 354 522 eius
370 471 506 542 quantam
520 465 596 522 iuter
611 464 705 522 socios
718 465 873 522 existimari
887 473 969 542 puta·

128 546 174 616 tis,
190 564 276 622 quam
292 543 390 601 hostes
407 563 513 601 omnes
527 544 657 601 omnium
674 562 811 621 generum
829 545 968 603 sanctissi·

128 643 207 682 mam
223 624 394 682 iudicarinti
424 623 614 681 Humanitate
627 623 685 680 iam
696 630 777 681 tauta
790 631 841 695 est,
851 631 884 682 ut
898 624 969 682 diffi-

129 704 182 762 cile
195 704 276 762 dictu
293 705 330 761 sit
343 709 441 760 utrum
454 702 552 760 hostes
568 703 661 780 magis
674 703 809 762 virtutem
824 705 885 761 eius
898 723 969 782 pug·
1019 697 1023 705 ’

129 783 395 840 nantestimuerint
408 802 452 839 au
461 782 711 840 mansuetudinem
725 783 795 841 victi
808 783 967 842 dilexerint

129 862 169 920 Et
182 863 331 940 quisquam
346 861 491 923 dubitabit
505 863 574 939 quin
587 862 655 920 huic
668 861 724 920 hoe
737 869 851 920 tautum
861 862 971 920 bellum-

129 941 381 1000 transmitteudum
396 941 441 1012 sit,
457 941 507 1018 qui
523 941 672 1000 adomnia
687 949 801 1000 nostrae
814 943 969 1000 memoriae

130 1020 397 1079 bellacouficienda
412 1021 511 1079 divino
528 1021 653 1099 quodam
670 1022 790 1083 consilio
806 1029 891 1080 natus
909 1041 972 1080 esse
1047 1073 1056 1086 .

130 1101 278 1158 videatur?

170 1181 238 1240 XV.
274 1185 320 1239 43.
339 1180 378 1239 Et
392 1181 527 1258 quoniam
544 1181 699 1239 auctoritas
715 1200 829 1260 quoque
842 1182 873 1239 in
887 1180 971 1240 bellis

130 1261 363 1319 administrandis
389 1261 514 1319 multum
541 1269 628 1338 atque
651 1262 682 1318 iu
705 1262 828 1339 imperio
852 1261 969 1320 militari

130 1341 213 1412 vaiet,
228 1348 304 1399 certe
320 1341 429 1398 nemini
445 1341 566 1399 dubium
582 1347 625 1398 est
642 1340 712 1418 quin
731 1361 764 1398 ea
779 1361 810 1399 re
827 1341 905 1399 idem
921 1341 969 1400 ille

126 1421 286 1498 imperator
296 1419 452 1498 plurimum
465 1421 565 1498 possit
598 1420 792 1479 Vehementer
801 1429 898 1479 autem
908 1441 970 1498 per·

131 1501 221 1560 tinere
235 1499 272 1556 ad
286 1500 360 1557 bella
372 1499 598 1562 administranda
611 1500 682 1578 quid
695 1500 802 1571 hostes,
813 1500 884 1579 quid
900 1501 971 1559 socii

29 1615 32 1622 ·
132 1579 167 1638 de
191 1579 412 1657 imperatoribus
434 1579 541 1637 nostris
567 1580 732 1638 existiment
756 1581 820 1658 quis
846 1582 969 1658 ignorat,

132 1679 197 1718 eum
222 1659 344 1716 sciamus
363 1659 495 1716 homines
515 1659 546 1716 iu
566 1660 654 1718 tantis
671 1659 761 1718 rebus
781 1667 816 1718 ut
835 1668 886 1719 aut
905 1679 971 1718 con-

131 1745 262 1798 temnant
272 1745 322 1796 aut
331 1744 462 1796 metuant
472 1745 522 1800 aut
532 1739 647 1796 oderint
656 1745 706 1797 aut
714 1746 821 1812 ament,
834 1740 971 1818 opinione

132 1839 191 1876 non
207 1820 302 1876 minus
319 1819 443 1876 etfama
459 1838 545 1897 quam
566 1819 661 1897 aliqua
676 1820 787 1877 ratione
803 1827 880 1878 certa
895 1839 972 1878 com·

132 1899 259 1958 moverit
299 1897 385 1968 Quod
400 1899 490 1976 igitur
508 1917 615 1956 nomen
631 1917 768 1976 umquam
787 1900 817 1956 in
833 1899 902 1958 orbe
918 1907 972 1958 ter·

132 1997 227 2036 rarum
248 1977 350 2036 clarius
369 1979 446 2036 fuitt
465 1978 546 2036 cuius
567 1998 611 2036 res
627 1986 724 2056 gestae
740 1981 841 2058 pareat
861 1980 897 2038 de
914 1999 972 2058 quo

132 2057 250 2115 homine
273 2077 333 2129 voe,
352 2056 384 2115 id
408 2059 486 2135 quod
512 2059 637 2117 maxime
663 2059 735 2116 facit
762 2060 971 2132 auctoritatem,

132 2145 214 2195 tanta
227 2144 329 2195 ettam
343 2138 486 2215 praeclara
498 2137 605 2196 iudicia
617 2139 746 2197 fecistis?
779 2143 826 2198 44.
842 2138 891 2196 An
905 2159 972 2198 vero

133 2217 220 2276 ullam
237 2237 357 2295 usquam
378 2237 439 2276 esse
458 2237 538 2276 oram
554 2225 615 2276 tam
632 2218 773 2276 desertam
789 2221 898 2297 putatis
915 2239 972 2298 quo

15 2331 22 2346 ι
134 2317 193 2355 uon
209 2297 284 2354 illius
298 2297 356 2355 diei
371 2297 451 2355 fama
466 2299 629 2376 pervaserit,
641 2317 709 2356 cum·
721 2300 870 2356 universus
882 2319 974 2378 popu·

134 2377 178 2436 ius
188 2376 335 2435 Romanus
345 2378 451 2436 referto
461 2379 527 2435 foro
541 2378 748 2457 completisque
759 2379 893 2437 omuibus
903 2387 974 2438 tem·

133 2457 198 2534 plis,
213 2477 248 2514 ex
265 2457 368 2535 quibus
384 2456 431 2515 hic
447 2458 527 2515 locus
544 2459 671 2537 conspici
691 2466 797 2538 potest,
810 2477 900 2517 uuum
918 2459 974 2517 sibi

134 2537 171 2594 ad
182 2556 333 2595 commuue
343 2538 473 2595 omnium
484 2539 614 2615 gentium
622 2539 729 2597 bellum
740 2539 792 2597 On.
800 2539 973 2617 Pompeium

134 2617 336 2694 imperatorem
353 2617 541 2695 depoposcit?
581 2619 681 2697 Itaque
702 2627 735 2677 ut
751 2619 834 2696 plura
853 2639 911 2678 nou
933 2620 975 2677 di·

135 2715 198 2754 cam
215 2717 307 2774 neque
328 2697 449 2755 aliomm
465 2698 603 2776 exemplis
619 2697 785 2758 confirmem
803 2707 942 2777 quantum
959 2698 974 2774 †

87 2803 96 2824 ·
135 2776 221 2834 huius
237 2777 390 2835 auctoritas
403 2777 495 2836 valeat
510 2779 541 2835 in
559 2778 642 2850 bello,
654 2779 690 2836 ab
707 2779 809 2837 eodem
826 2778 878 2838 On.
889 2779 975 2836 Pom·

136 2857 201 2934 peio
219 2858 348 2915 omnium
362 2877 456 2916 rerum
473 2859 650 2935 egregiarum
664 2860 795 2937 exempla
809 2866 973 2917 sumanturt

134 2937 183 3014 ¹qui
200 2957 258 3014 quo
275 2938 322 2996 die
338 2955 356 2994 a
371 2937 453 2995 vobis
473 2938 618 2995 maritimo
634 2938 710 2996 bello
731 2940 911 3017 praepositus
931 2944 975 2996 est

136 3018 299 3098 imperator,
314 3024 396 3075 tanta
415 3024 531 3094 repente
547 3017 642 3075 vilitas
658 3037 791 3076 *annonae
807 3037 842 3076 ex
863 3035 976 3076 summa

137 3097 236 3178 inopia
246 3103 275 3156 et
285 3097 402 3154 caritate
412 3097 453 3154 rei
463 3097 666 3155 frumentariae
677 3104 829 3156 consecuta
835 3104 881 3156 est
890 3099 975 3156 unius

137 3175 262 3237 hominis
276 3196 327 3256 spe
340 3176 511 3249 eonomine,
523 3184 658 3254 quautam
669 3177 717 3236 vix
728 3197 765 3236 ex-
773 3196 886 3236 summa
895 3178 976 3237 uben
