2240 3418
314 105 393 178 cnr.
409 96 695 170 xxxvj-mvn,
712 105 726 168 ᾖ
741 109 831 158 88-95.
950 111 1001 163 266

155 212 327 287 perpetuum
337 206 373 266 de
384 226 414 264 re
422 206 538 285 publica
545 207 691 266 sustulisti.
722 207 787 277 Quo
796 207 913 286 quidem
922 207 1000 270 facto

156 295 270 345 tantum
281 293 311 344 te
325 287 433 363 cepisse
447 286 545 344 odium
560 287 641 363 regni
655 287 813 359 videbatur,
825 295 859 345 ut
869 288 930 347 eius
941 308 1001 347 om

147 386 224 424 ,nem
240 373 360 443 propter
374 365 538 442 proximum
559 367 728 424 dictatorem
746 374 856 424 metum
875 368 997 428 tolleres.

158 451 205 504 92.
220 445 387 503 Constituta
403 465 448 503 res
463 445 579 523 publica
592 445 743 504 videbatur
758 446 830 518 allis,
842 447 916 505 mihi
932 469 999 507 vero

156 524 237 584 nullo
252 525 349 596 modo,
360 525 409 602 qui
426 525 524 582 omnia
537 532 567 582 te
582 524 759 602 gubernante
776 526 926 604 naufragia
942 548 1000 586 me-

156 605 281 664 tuebam.
323 603 403 662 Num
419 604 509 681 igitur
524 623 571 662 me
587 604 711 664 fefellitl
733 612 785 663 aut
800 625 871 665 num
890 607 1000 666 diutius

155 685 202 742 sni
215 685 312 760 potuit
326 684 473 742 dissimilis
486 686 565 742 esset
598 678 830 762 Inspectantibus
840 686 922 744 vobis
935 693 999 746 toto

157 764 302 842 Capitolio
323 763 437 822 tabulae
460 763 629 840 figebantur,
646 783 740 842 neque
761 766 854 824 solum
879 766 999 843 singulis

80 873 83 880 ·
156 843 293 910 venibant
313 843 518 914 immunitates,
534 843 585 902 sed
605 844 693 902 etiam
713 845 829 924 populis
849 846 996 904 universis.

156 923 266 982 Civitas
281 942 340 980 non
357 923 413 980 iarn
431 923 608 1000 singillatim,
623 925 674 984 sed
689 925 845 1003 provinciis
864 925 935 984 totis
952 925 999 982 da·

151 1002 248 1061 batur.
286 1002 388 1081 Itaque
404 1003 429 1060 si
445 1003 516 1062 haec
535 1012 661 1076 manent,
674 1025 747 1083 quae
768 1013 861 1064 stante
879 1025 909 1063 re
928 1005 1000 1083 pub

156 1082 211 1140 lica
226 1101 340 1142 manere
354 1102 413 1141 non
427 1091 556 1159 possunt,
564 1084 727 1162 provincias
740 1085 892 1156 universas,
904 1092 999 1162 patres

154 1163 319 1241 conscripti,
338 1162 513 1240 perdidistis,
532 1183 626 1242 neque
652 1164 803 1241 vectigalia
829 1164 931 1236 solum,
948 1165 999 1223 sed

156 1243 243 1300 etiam
271 1243 425 1320 imperium
448 1243 550 1321 populi
573 1243 698 1303 Romani
721 1243 808 1301 huius
831 1244 997 1302 domesticis

156 1321 294 1380 nundinis
314 1323 497 1381 deminutum
519 1330 571 1382 est
612 1323 772 1382 XXXVII.
806 1329 853 1382 93.
871 1323 934 1382 Ubi
954 1332 999 1383 est

157 1401 283 1480 septiens
302 1401 424 1474 miliens,
440 1402 519 1480 quod
539 1410 582 1461 est
602 1403 633 1461 in
649 1403 766 1474 tabulis,
782 1422 854 1480 quac
875 1410 942 1461 sunt
961 1404 999 1462 ad

150 1481 247 1558 'Opisl
270 1482 402 1550 {unestae
423 1481 501 1540 illius'
520 1483 638 1560 quidem
658 1482 804 1560 pecuniae,
820 1482 871 1540 sed
890 1489 996 1554 tamen,

157 1581 229 1638 quac
243 1581 297 1620 nos
313 1563 337 1620 si
351 1563 395 1632 iis,
407 1581 530 1640 quorum
544 1569 612 1634 erat,
623 1581 683 1620 non
697 1563 870 1634 redderetur,
880 1581 898 1619 a
910 1562 999 1620 tribu-

157 1641 195 1699 tis
207 1648 306 1719 posset
318 1642 470 1700 vindicare.
505 1641 550 1700 Tu
564 1649 661 1700 autem
676 1642 930 1720 quadringentiens
943 1661 998 1700 ses-

157 1722 283 1794 tertium,
293 1721 373 1800 quod
385 1721 486 1780 Idibus
500 1721 612 1780 Martiis
625 1721 759 1793 debuisti,
768 1741 894 1800 quonam
910 1721 998 1780 modo

151 1809 224 1860 ¹ante
238 1801 384 1860 Kalendas
397 1801 513 1878 Apriles
526 1801 630 1860 debere
644 1801 762 1860 desistll
802 1801 877 1860 Sunt
891 1820 925 1860 ea
938 1801 999 1878 qui·

158 1880 225 1940 dem
238 1881 465 1952 innumerabilia,
475 1900 548 1959 qnae
561 1901 579 1938 a
591 1882 650 1939 tuis
663 1881 831 1940 emebantur
844 1901 902 1939 non
916 1881 999 1939 inaci-

157 1969 223 2020 ente
237 1968 275 2032 te,
284 1960 334 2019 sed
348 1980 438 2018 unum
452 1961 600 2039 egregium
615 1960 651 2018 de
665 1979 731 2038 rege
744 1960 883 2019 Deiotaro
897 1961 999 2038 populi

157 2041 282 2100 Romani
303 2041 477 2100 amicissimo
500 2041 646 2098 decretum
671 2040 702 2096 in
726 2039 870 2116 Capitolio
891 2039 998 2098 fixum:

56 2165 59 2172 .
158 2140 216 2198 quo
232 2120 382 2198 proposito
402 2139 489 2179 nemo
508 2127 569 2178 erat
586 2120 634 2196 qui
655 2119 770 2211 inipso
791 2118 889 2177 dolore
910 2119 998 2176 usum

158 2207 256 2278 posset
270 2201 424 2258 sentinare.
467 2205 514 2258 94.
530 2198 601 2267 Quis
615 2199 692 2258 enim
708 2217 842 2276 cuiquam
856 2198 1000 2256 inimicior

159 2299 245 2358 quam
262 2279 401 2338 Deiotaro
418 2279 540 2338 Caesari
560 2298 650 2356 aeque
666 2285 752 2355 atque
767 2277 835 2336 huic
852 2277 954 2349 ordini,
967 2286 1000 2335 ut

158 2360 292 2438 equestri,
304 2366 337 2417 ut
357 2359 588 2431 Massiliensibus,
603 2366 637 2417 ut
657 2357 799 2428 omnibus,
815 2357 919 2434 quibus
938 2377 999 2414 rem

158 2439 303 2517 publicam
317 2439 420 2516 populi
431 2439 557 2496 Romani
570 2457 664 2496 ceram
678 2457 739 2496 esse
753 2435 901 2495 sentiebat
944 2435 1000 2513 Igi-

158 2527 214 2590 tur,
223 2538 242 2576 a
251 2537 310 2596 quo
322 2520 386 2576 vivo
400 2537 452 2576 nec
463 2537 595 2596 praesens
608 2537 661 2576 nec
675 2517 776 2575 absens
786 2535 835 2574 rex
846 2516 1000 2574 Deiotarus

150 2598 317 2676 quidquam
331 2599 415 2676 aequi
428 2597 498 2658 boni
509 2598 681 2676 impetravit,
693 2596 772 2673 apud
785 2603 932 2654 mortuum
943 2595 1001 2652 fac-

159 2685 206 2736 tus
226 2684 270 2736 est
290 2679 441 2756 gratiosus.
482 2677 676 2755 compellarat
691 2675 837 2753 hospitem
858 2693 999 2752 praesens,

159 2764 348 2835 computarat,
364 2757 516 2835 pecuniam
536 2757 698 2834 imperarat,
713 2755 744 2813 in
767 2755 829 2813 eius
847 2753 1001 2812 tetrarchia

82 2887 91 2902 .
150 2857 250 2895 unum
269 2857 305 2895 ex
321 2837 437 2896 Graecis
457 2835 612 2896 comitibus
632 2836 691 2894 suis
711 2834 879 2893 collocarat:
900 2832 1001 2892 Arme-

159 2918 236 2974 niam
262 2916 418 2975 abstulerat
437 2936 456 2974 a
476 2923 577 2974 senatu
598 2915 703 2973 datarn.
747 2914 828 2972 Haec
848 2914 929 2970 vivus
950 2913 1001 2970 eri·
1030 2933 1039 2940 ·

159 2997 232 3074 puit,
244 2997 339 3054 reddit
352 3003 491 3054 mortuus
527 3001 574 3052 95.
586 2995 628 3053 At
644 2994 748 3072 quibus
764 2993 875 3050 verbisl
912 2991 1001 3049 Modo

159 3095 283 3153 aequum
304 3075 359 3134 eibi
375 3075 475 3147 videri,
486 3074 575 3132 modo
591 3093 650 3132 non
669 3073 809 3150 iniquum.
852 3071 926 3130 Mira
942 3087 1001 3129 ver-

151 3154 263 3214 borum
277 3154 446 3232 complexio.
481 3153 524 3212 At
538 3153 585 3212 ille
599 3171 910 3231 numquam-semper
923 3151 1000 3210 enim

444 3253 594 3327 ar,
