2240 3418
131 133 183 182 230
213 129 254 180 IN
270 129 307 180 M.
322 127 516 179 ANTONIUM
532 126 667 179 ORATIO
683 126 895 178 PHILIPPICA
909 129 933 180 1.

131 253 249 312 possum
265 232 370 290 adduci
386 237 418 290 ut
432 231 559 309 suspicer
573 237 603 288 te
619 230 741 308 pecunia
756 231 884 308 captum.
925 230 975 290 ti-

131 321 177 372 cct
199 312 278 390 quod
299 312 402 389 cuique
425 311 497 370 libet
518 311 659 388 loquatur.
700 309 825 368 Credere
845 330 905 369 non
927 319 974 370 est

131 411 252 450 necesse.
294 391 375 449 Nihil
389 391 466 449 enim
482 409 619 468 umquam
636 390 667 448 in
683 395 713 448 te
729 389 887 462 sordidum,
898 391 973 449 nihil

131 470 239 529 humile
261 471 391 549 cognovi.
434 469 615 548 Quamquam
639 469 733 528 solent
752 468 904 529 domestici
924 470 975 530 de-

131 570 248 628 pravare
264 571 324 608 non
340 568 515 629 numquam:
537 550 588 608 sed
606 549 675 607 novi
696 548 863 607 firmitatem
881 557 973 610 tuam.

131 630 230 708 Atque
246 631 357 688 utinam
377 636 411 687 ut
427 629 549 707 culpam,
561 629 601 686 sic
617 629 705 687 etiam
726 629 917 706 suspitionem
933 631 976 688 vi·

131 717 192 768 tare
200 711 359 788 potuisses!
392 709 475 768 XIV.
488 709 564 767 Illud
573 709 666 786 magis
675 727 782 780 vereor,
789 727 826 767 ne
837 709 976 787 ignorans

132 809 230 848 verum
254 791 309 848 iter
332 789 439 866 gloriae
460 788 616 866 gloriosum
640 795 725 866 putes
744 788 810 865 plus
830 795 860 846 te
881 808 975 847 unum

131 889 216 947 posse
230 888 316 947 qnam
330 887 430 927 omnes
443 876 473 927 et
485 868 577 926 metui
590 887 608 926 a
621 867 731 926 civibus
744 868 810 926 tuis
847 867 935 937 Quod
948 869 974 927 si

131 949 174 1006 its
189 956 282 1026 putas,
293 955 386 1006 totam
402 948 518 1026 ignoras
533 948 610 1005 viam
630 947 745 1025 gloriae.
787 946 894 1007 Carum
912 967 975 1006 esse

132 1029 232 1100 civem,
244 1028 317 1086 bene
331 1028 367 1086 de
383 1046 413 1086 re
430 1027 546 1105 publica
561 1028 671 1099 mereri,
683 1027 801 1098 laudari,
812 1027 877 1098 ccli,
889 1025 975 1105 diligi

132 1108 290 1185 gloriosum
308 1115 354 1176 est
363 1126 370 1165 ε
391 1107 483 1166 metui
498 1126 566 1165 vero
583 1114 612 1166 et
628 1107 659 1164 in
680 1107 748 1165 odio
769 1125 830 1164 csse
850 1106 981 1188 invidio·

133 1207 205 1259 sum,
225 1187 401 1258 detestabile,
422 1187 605 1258 imbecillum,
625 1185 772 1247 caducum.
819 1190 866 1243 34.
886 1184 975 1254 Quod

132 1267 263 1326 videmus
282 1267 370 1332 etiam
389 1267 420 1324 in
439 1266 538 1325 fabula
556 1266 599 1324 illi
617 1265 681 1343 ipsi,
693 1266 744 1343 qui
762 1265 890 1336 Oderunt,
901 1267 975 1322 dum

132 1355 268 1418 metuont,
278 1347 390 1418 dixerit,
398 1346 589 1425 perniciosum
599 1346 696 1404 fuisse.
726 1344 857 1416 Utinam,
866 1344 905 1403 M.
914 1345 976 1402 An-

132 1427 204 1498 toni,
216 1447 301 1484 avum
317 1433 401 1484 tuum
416 1426 611 1484 meminisses!
632 1425 669 1484 de
683 1444 741 1503 quo
754 1431 852 1482 tamen
866 1425 976 1484 audisti

131 1506 224 1565 multa
242 1526 277 1564 ex
293 1525 340 1564 me
358 1525 447 1584 eaque
466 1505 637 1582 saepissime.
679 1504 806 1562 Putasne
822 1504 905 1562 illum
921 1505 976 1562 im-

132 1585 338 1644 mortalitatem
361 1586 464 1644 mereri
486 1585 618 1656 voluisse,
633 1591 667 1642 ut
688 1591 808 1662 propter
827 1603 976 1642 armorum

132 1664 329 1723 habendorum
351 1665 496 1723 licentiam
516 1665 709 1723 metuereturl
749 1663 803 1722 Illa
822 1671 884 1722 erat
903 1665 973 1737 vita,

133 1744 182 1802 illa
196 1743 320 1802 secunda
329 1745 448 1802 fortuna
457 1743 588 1802 libertate
598 1762 658 1802 esse
669 1762 768 1821 parem
778 1743 888 1817 ceteris,
897 1745 975 1822 prin·

133 1825 227 1901 cipem
249 1823 399 1901 dignitate.
441 1823 550 1901 Itaque,
571 1821 611 1880 ut
631 1823 767 1881 omittam
791 1843 836 1881 res
860 1825 906 1882 avi
930 1825 975 1882 tui

125 1922 291 1981 prosperas,
302 1902 515 1961 acerbissimum
529 1902 590 1960 eius
604 1921 769 1980 supremum
783 1903 860 1961 diem
874 1904 976 1962 malim

134 2002 220 2060 quam
229 1983 268 2042 L
279 1983 388 2041 Cinnae
406 1981 625 2055 dominatum,a
641 2001 699 2060 quo
715 1981 764 2041 ille
780 1983 976 2043 crudelissime

133 2070 178 2122 est
190 2063 366 2121 interfectus
735 2067 739 2076 '

175 2149 221 2202 35.
238 2142 296 2202 Sed
309 2141 380 2220 quid
393 2141 522 2200 oratione
535 2147 565 2200 te
578 2140 711 2200 flectaml
744 2141 777 2202 Si
790 2142 868 2202 enirn
881 2143 977 2202 exitus

134 2221 167 2282 0.
183 2223 310 2281 Caesaris
330 2221 439 2280 efficere
459 2240 519 2279 non
540 2227 637 2299 potest
657 2229 691 2280 ut
710 2223 794 2282 malis
813 2243 895 2282 carrus
914 2227 977 2282 ess'e

135 2322 221 2381 quam
242 2302 342 2374 metui,
356 2301 430 2359 nihil
451 2301 620 2379 cuiusquam
642 2301 774 2380 proficiet
794 2322 848 2362 nec
869 2303 976 2362 valebit

135 2383 234 2442 oratio.
277 2381 369 2452 Quem
384 2382 434 2460 qui
447 2381 564 2440 beatum
580 2381 670 2440 fuisse
686 2389 799 2460 putant„
808 2383 906 2442 miseri
919 2383 976 2460 ipsi

135 2469 209 2520 sunt
251 2459 360 2520 Beatus
381 2467 425 2519 est
445 2480 541 2535 nemo,
560 2462 610 2540 qui
632 2481 666 2520 ea
686 2461 895 2540 lege·vivit,'ut
916 2481 976 2521 non

134 2542 223 2599 modo
243 2541 370 2619 impune,
386 2542 437 2600 sed
453 2542 539 2600 etiam
560 2561 627 2600 cum
651 2561 764 2600 summa
783 2542 976 2600 interfectoris

134 2621 226 2698 gloria
245 2619 368 2678 interfici
388 2621 487 2697 possit.
529 2619 594 2690 Qua
611 2640 641 2680 re
661 2621 744 2680 flecte
765 2628 802 2694 te,
818 2627 932 2699 quaeso,
946 2627 977 2678 et

135 2701 257 2758 maiores
276 2706 343 2757 tuos
361 2701 469 2778 respice
490 2707 577 2778 atque
595 2701 638 2758 ita
656 2701 864 2778 gubernarem
885 2700 977 2778 publi·

136 2798 207 2849 cam,
217 2786 250 2836 ut
265 2786 367 2837 natum
384 2798 444 2837 esse
460 2786 490 2838 te
506 2781 582 2838 cives
598 2781 642 2838 tui
657 2781 818 2856 gaudeant:
841 2780 976 2856 sineque

136 2875 187 2914 nec
206 2857 307 2914 beatus
325 2877 378 2916 nec
397 2858 488 2916 clarus
505 2877 557 2916 nec
573 2865 654 2916 tutus
671 2860 822 2937 quisquam
839 2877 899 2916 esse
916 2877 978 2916 om·
1027 2859 1030 2866 ’

136 2936 205 2992 nino
219 2942 323 3012 potest.

175 3014 244 3072 XV.
281 3020 327 3073 36.
345 3015 452 3092 Populi
472 3015 589 3092 quidem
612 3015 737 3074 Romani
757 3016 865 3074 iudicia
884 3015 977 3074 multa

136 3091 221 3149 ambo
240 3092 360 3164 habetis,
379 3093 482 3170 quibus
499 3113 549 3150 vos
568 3113 628 3150 non
649 3094 718 3152 satis
737 3096 846 3152 moveri
865 3115 978 3172 permo-

136 3169 206 3227 leste
222 3171 292 3228 fero.
335 3171 413 3240 Quid
429 3172 506 3230 enim
521 3171 727 3248 gladiatoribus
743 3173 883 3232 clamores
895 3175 978 3232 innn-
