2262 3412
351 451 394 516 M.
417 447 564 518 TULLII
594 455 826 520 CICERONIS

211 607 365 686 ORATIO
397 610 478 698 QUA
508 611 540 686 L.
570 611 795 688 CATILINAM
826 612 963 690 EMISIT
1012 603 1015 608 ⁵

373 732 416 808 III
448 733 607 810 SENATU
638 733 801 810 HABITA.

417 1012 759 1065 ARGUMENTUM.

103 1153 110 1165 ,
173 1159 176 1166 ,
200 1111 230 1160 1.
244 1111 343 1172 sagius
364 1111 481 1172 Catilina,
497 1111 573 1160 homo
590 1113 689 1175 patricii
709 1112 815 1175 generis,
831 1128 923 1174 magna
941 1114 966 1162 vi
985 1124 1010 1164 et

168 1177 245 1224 anirni
257 1187 282 1225 et
293 1177 411 1239 corporis,
421 1177 464 1225 sed
476 1177 576 1238 ingenio
590 1177 656 1226 malo
668 1193 800 1241 praveque,
810 1179 956 1240 praetorius,
967 1181 1010 1242 qui

168 1241 218 1288 iam
235 1257 289 1290 au.
298 1257 319 1290 c.
329 1243 385 1300 689,
397 1241 499 1290 caedem
513 1242 643 1290 consulum
657 1243 738 1291 iacere
753 1257 831 1306 eaque
848 1243 915 1292 facta
928 1259 1010 1294 rerum

168 1305 243 1368 potiri
254 1308 424 1366 constituerat,
435 1323 494 1354 casu
505 1315 589 1356 autem
598 1307 726 1362 aconsilio
734 1309 893 1370 exsequendo
901 1309 1010 1371 prohibi-

169 1379 286 1432 maeret,
300 1371 384 1420 ascitIs
401 1372 434 1419 ad
451 1372 581 1421 consilium
596 1372 759 1434 rei-publicae
776 1374 952 1435 opprimendae
966 1375 1010 1424 ho-

169 1435 277 1485 minibus
288 1436 369 1484 omnis
380 1437 477 1497 generis
489 1437 661 1499 perditissimis
671 1443 747 1500 fitque
758 1439 937 1500 audacissimis,
947 1455 1010 1503 quius

169 1501 260 1564 inopia,
272 1501 402 1564 cupiditas,
415 1501 508 1550 scelera
521 1502 692 1564 stimulabant,
706 1503 863 1552 consulatum
875 1505 902 1552 in
916 1520 1010 1554 anuum

170 1569 227 1627 691,
241 1581 264 1630 p.
277 1583 302 1616 u.
314 1581 336 1615 c.
347 1567 442 1629 petivit,
454 1567 497 1614 sed
514 1582 570 1616 cum
584 1582 648 1631 quae
664 1567 690 1615 in
708 1569 792 1616 animo
806 1569 914 1617 habebat
928 1569 1010 1632 perni-

170 1633 237 1680 ciosa
248 1633 282 1680 rei
294 1632 406 1694 publicae
417 1631 521 1680 consilia
531 1648 620 1695 parum
632 1633 753 1681 occultata
765 1644 855 1694 essent,
867 1635 955 1682 studiis
967 1636 1010 1684 bo·

169 1703 259 1745 norum
272 1698 385 1746 omnium
397 1698 433 1746 M.
442 1697 539 1746 Tullius
553 1698 642 1747 Cicero
655 1713 705 1746 una
719 1713 776 1746 curn
790 1699 819 1748 C.
829 1699 940 1748 Antonio
951 1715 1009 1748 con-

170 1763 208 1811 sul
221 1763 303 1811 factus
320 1771 366 1812 eat.
403 1762 461 1822 Qua
477 1778 505 1812 re
521 1773 660 1812 commotus
677 1763 707 1813 L.
718 1764 827 1813 Catilina
844 1764 880 1814 M.
889 1763 1010 1814 Cicerone

169 1827 199 1882 C.
213 1829 324 1876 Antonio
339 1828 481 1876 consulibus
498 1828 610 1891 cupidius
627 1829 704 1877 etiam
719 1844 765 1877 sua
782 1829 885 1878 consilia
904 1830 1006 1892 recepit,

188 1894 258 1942 uibus
268 1894 379 1942 maxime
388 1893 516 1942 Ciceronis
528 1894 633 1942 consulis
643 1894 770 1954 diligentia
781 1894 878 1954 restitit,
890 1895 922 1942 ad
934 1911 1010 1958 quem

170 1907 293 2009 {Tutilinae
306 1960 410 2022 elusque
426 1959 549 2008 sociorum
564 1958 667 2007 consilia
678 1975 694 2006 a
707 1959 795 2007 Fulvia
807 1959 909 2008 muliere
922 1961 1007 2019 nobili,

170 2023 235 2086 ¹(pune
249 2039 301 2072 rem
315 2025 423 2073 habebat
434 2039 492 2072 cum
504 2024 534 2084 Q.
544 2024 627 2084 Curio,
636 2025 678 2086 qui
690 2025 811 2087 particeps
825 2025 873 2072 fuit
884 2027 1009 2087 conspira-

170 2089 245 2137 tionis
262 2089 336 2149 illius,
350 2089 532 2139 deferebantur.
576 2089 640 2138 Cum
658 2099 742 2136 autern
759 2091 807 2137 ista
823 2090 890 2138 mala
907 2091 1010 2138 consilia

167 2159 260 2202 contra
273 2155 380 2203 salutern
397 2155 559 2217 reipublicae
576 2169 592 2202 a
608 2154 742 2202 coniuratis
758 2155 821 2203 inita
837 2157 945 2217 apertius
958 2157 1009 2204 iam

169 2219 332 2280 agitarentur,
349 2227 450 2268 senatus
472 2219 613 2267 consultum
634 2221 729 2267 factum
747 2229 793 2280 est,
808 2219 894 2268 dorent
912 2238 1010 2283 operam

171 2283 285 2343 consules,
300 2301 328 2332 ne
342 2285 402 2347 qaid
414 2283 555 2332 detrimenti
568 2293 664 2345 caperet
677 2299 715 2331 res
726 2283 833 2344 publico,
844 2286 1010 2348 effectumque

171 2357 216 2408 est,
232 2359 259 2398 ut
276 2349 384 2398 Catilina
401 2364 444 2413 spe
461 2349 611 2409 consulatus,
626 2364 699 2411 quem
716 2349 742 2396 in
756 2351 899 2411 proximum
916 2365 1009 2399 annurn

94 2469 98 2478 ¹
168 2415 277 2476 petebat,
291 2415 425 2474 excideret,
442 2415 681 2476 designarenturque
703 2415 736 2464 D.
752 2415 851 2462 silanus
869 2425 895 2464 et
913 2416 1010 2464 L.Mu-

111 2503 115 2514 ·
167 2493 238 2528 rena.
275 2479 346 2539 Quae
363 2495 419 2528 curn
436 2481 472 2528 ita
489 2489 579 2539 essent,
591 2479 622 2528 L.
630 2478 745 2539 Catilina,
757 2479 799 2542 qui
819 2480 869 2528 iam
889 2491 947 2528 ante
966 2496 1010 2542 per

170 2544 272 2592 Italiam
290 2545 324 2593 ad
343 2545 456 2593 homiues
479 2545 616 2605 seditiosos,
632 2545 744 2603 maxime
763 2553 858 2593 veteres
880 2545 911 2594 L.
926 2545 1010 2594 Sullae

170 2609 269 2667 milites,
288 2611 448 2658 concitandos
470 2611 572 2658 nuntios
591 2611 700 2669 miserat,
721 2610 754 2657 ad
772 2610 800 2658 C.
816 2610 949 2671 Manlium,
967 2612 1009 2673 qni
1050 2619 1061 2629 ‘

170 2673 289 2724 Faesulas
296 2675 322 2722 in
330 2677 416 2724 urbem
424 2676 539 2724 Etruriae
549 2677 673 2724 munitam
682 2689 784 2722 manum
794 2685 945 2724 armatorum
955 2677 1010 2724 coii-

170 2739 249 2800 gerat,
260 2740 384 2803 proficisci
396 2741 525 2790 constituit
535 2750 560 2788 et
572 2741 663 2788 bellum
674 2739 770 2802 patn'ae
780 2740 877 2794 inferre,
890 2756 1010 2790 convoca-

167 2805 253 2868 tisque
267 2815 346 2866 nocte,
358 2821 423 2869 quae
438 2807 504 2854 iuter
517 2806 593 2854 VIII.
607 2817 633 2855 et
644 2806 707 2854 VII.
722 2805 760 2853 Id.
775 2805 928 2854 Novembres
944 2816 1006 2864 erat,

170 2871 250 2918 socius
263 2871 289 2918 in
305 2871 408 2920 domurn
425 2871 463 2920 M.
475 2871 558 2919 Porcii
571 2872 669 2920 Laecae
685 2871 815 2919 consilium
831 2871 897 2933 quod
911 2881 1010 2933 ceperat

169 2935 274 2996 aperuit.
310 2935 367 2996 Qua
383 2937 574 2996 congregatione
589 2947 710 2984 nocturna
727 2935 776 2984 duo
793 2936 888 2998 equites
901 2935 1009 2983 Romani

165 3000 316 3066 ¹Ciceronem
333 3000 458 3049 consulem
477 3001 519 3049 illa
535 3002 590 3064 ipsa
606 3010 679 3049 nocte
695 3009 753 3049 ante
769 2999 928 3062 lucem,cun1
945 3000 1010 3047 sicut

168 3065 301 3114 'salutaturi
311 3066 364 3114 eius
377 3065 479 3114 domum
491 3067 633 3125 intrassent,
643 3066 843 3114 tntefficienuum
854 3075 1005 3126 receperunt.

170 3129 208 3177 M.
218 3131 306 3178 Cicero
320 3130 402 3179 vitatis
418 3131 523 3191 insidiis,
534 3129 654 3192 proximo'
661 3131 709 3190 die,
720 3131 762 3192 qui
780 3130 826 3178 fuit
839 3146 862 3178 a.
874 3130 898 3178 d.
907 3130 954 3178 VI.
967 3129 1006 3179 Id.

166 3193 332 3258 'Novembres
347 3195 473 3259 dispositis
488 3195 626 3259 praesidiis,
638 3205 754 3244 senatum
767 3195 793 3242 in
808 3193 928 3254 templum
941 3194 1008 3244 lovis
