2240 3418
118 111 167 160 trs
265 108 335 161 PRO
352 107 447 160 REGE
463 106 648 160 DEIOTARO
665 105 808 160 ORATIO.
896 119 900 128 '

119 221 194 286 sunt,
212 214 305 273 multo
332 213 425 292 magis
451 211 753 272 commemorabuntur
774 212 806 270 in
833 213 957 291 regibus

119 296 238 373 Semper
253 295 365 373 regium
381 312 487 352 nomen
503 293 534 350 in
547 292 602 350 hac
617 293 733 352 civitate
747 299 877 356 sanetum
891 295 960 368 fuit,

46 417 48 424 ·
119 375 261 434 sociorum
286 394 353 433 vero
376 393 478 452 regum
501 380 531 431 et
554 373 713 431 amicorum
737 373 956 434 sanctissimum.

118 455 186 515 XV.
217 460 263 513 41.
276 453 363 524 Quod
375 473 481 512 nomen
495 454 527 512 hi
540 473 621 532 reges
634 472 671 512 ne
684 453 849 512 amitterent
862 461 892 512 te
903 455 958 513 rie·

117 543 180 594 tore
200 535 366 606 timuerunt,
380 540 525 593 retentum
544 553 612 592 vero
631 540 694 592 eta
711 540 741 591 te
756 533 958 594 confirmatum

117 615 240 695 posteris
251 615 337 674 etiam
344 615 407 682 suis
417 614 573 672 tradituros
586 633 615 672 se
629 633 690 672 esse
701 613 857 675 confidunt.
889 614 962 672 Cor-v

118 715 189 775 pora
202 715 253 754 sua
266 715 319 774 pro
333 695 423 754 salute
433 713 533 772 regum
547 713 664 753 suorum
678 693 709 750 hi
719 693 873 771 legati-tibi
884 694 958 772 regii

117 777 243 848 tradunt,
255 775 358 834 Hieras
379 781 408 834 et
423 773 584 832 Blesamius
604 780 634 832 et
649 773 824 851 Antigonus,
836 773 891 833 tibi
908 793 958 832 no-

118 857 219 934 bisque
235 855 369 914 omnibus
385 855 443 914 iam
459 854 511 912 diu
529 855 600 926 noti,
612 854 768 934 eademque
784 851 841 912 fide
857 860 887 912 et
903 854 958 911 vir·

118 943 181 994 tute
197 935 342 1013 praeditus
358 934 510 1012 Dorylaus,
523 934 573 1012 qui
589 953 681 1011 nuper
696 953 762 992 cum
777 933 867 992 Hiera
882 934 958 1012 lega-

117 1022 165 1074 tus
179 1021 222 1074 est
235 1015 273 1074 ad
286 1022 315 1074 te
329 1015 440 1086 missus,
452 1033 518 1072 cum
532 1033 632 1091 regum
646 1013 812 1072 amicissimi
825 1019 889 1072 tum
902 1013 957 1072 tibi

118 1097 213 1168 etiam,
224 1103 257 1154 ut
277 1115 369 1173 spero,
384 1094 505 1173 probati
548 1098 595 1152 42.
611 1093 737 1172 Exquire
757 1093 794 1152 de
809 1092 957 1156 Blesamio,

117 1197 188 1234 num
202 1176 273 1254 quid
285 1175 323 1234 ad
336 1195 433 1253 regem
446 1180 547 1232 contra
559 1173 731 1251 dignitatem
744 1180 825 1232 tuam
841 1173 957 1252 scripse·

116 1258 163 1315 rit
205 1256 309 1315 Hieras
325 1255 442 1334 quidem
458 1273 573 1313 eausam
589 1272 706 1312 onmem
723 1253 843 1332 suscipit
859 1261 889 1312 et
905 1254 957 1312 ori-

114 1337 243 1394 minibus
257 1337 313 1394 illis
323 1355 376 1414 pro
389 1354 456 1413 rege
470 1353 500 1392 se
514 1334 653 1412 supponit
662 1353 750 1392 reum.
786 1333 963 1392 Memoriam-

116 1424 197 1475 tuam
211 1417 353 1495 implorat,
366 1435 422 1494 qua
435 1415 511 1473 vales
524 1414 697 1493 plurimum:
718 1420 805 1491 negat
818 1433 963 1492 umquam*

117 1517 146 1555 se
163 1517 181 1556 a
196 1504 225 1555 te
241 1498 272 1555 in
289 1496 419 1555 Deiotari
435 1495 588 1572 tetrarchia
603 1495 708 1573 pedem
725 1494 902 1553 discessisse:
925 1495 957 1552 in

50 1625 51 1630 ,
116 1577 217 1654 primis
237 1575 342 1635 finibus
360 1576 414 1635 tibi
435 1595 465 1634 se
481 1584 595 1654 praesto
611 1574 701 1633 fuisse
717 1574 796 1646 dicit,
808 1593 898 1652 usqne
919 1574 958 1634 ad

12 1715 13 1718 ,
116 1657 234 1716 ultimos
247 1663 448 1735 prosecutum:
465 1675 531 1714 cum
545 1675 561 1714 e
575 1655 677 1713 balneo
691 1654 804 1726 exisses,
813 1661 909 1714 tecum
926 1673 964 1713 se·

115 1737 213 1809 inisse,
225 1757 291 1795 oum
312 1736 361 1794 illa
380 1754 499 1794 munera
514 1736 685 1813 inspexisses
705 1741 830 1807 cenatus,
842 1753 909 1794 cum
925 1735 957 1792 in

116 1817 247 1876 cubiculo
271 1815 455 1887 recubuisses,
470 1816 657 1893 eamdemque
678 1814 881 1874 adsiduitatem
901 1814 965 1874 tibi·

116 1916 146 1956 se
162 1897 325 1975 praebuisse
340 1896 487 1975 postridie.
530 1901 576 1954 43.
592 1894 687 1965 Quam
707 1895 745 1952 ob
766 1915 827 1954 rem
844 1895 868 1952 si
885 1894 958 1972 quid

115 1997 223 2049 eorum,
235 1996 307 2056 quae
321 1976 434 2036 obiecta
449 1982 525 2048 sunt,
537 1975 697 2053 cogitatum
711 1975 758 2048 sit,
769 1994 828 2033 non
844 1981 958 2034 recusat

116 2058 185 2136 quin
202 2058 233 2116 id
250 2077 333 2116 suum
350 2057 462 2115 facinus
479 2056 596 2114 iudices
638 2055 786 2148 Quoeipca,
798 2054 831 2114 Ο.
841 2054 954 2128 Caesar,

114 2138 201 2195 velim
223 2138 368 2196 existimes
388 2136 529 2194 hodierno
547 2135 594 2194 die
613 2141 784 2194 sententram
804 2142 885 2193 tuam
905 2142 957 2194 ant

114 2237 181 2275 cum
198 2237 311 2276 summo
328 2217 467 2276 dedecore
485 2215 674 2274 miserrimam
690 2222 802 2293 pestem
818 2215 956 2294 importa-

42 2300 44 2306 '
114 2305 210 2356 turam
230 2317 291 2357 esse
311 2297 427 2375 regibus
446 2303 496 2355 aut
514 2295 688 2353 incolumem
705 2296 813 2354 famam
830 2315 898 2354 oum
914 2315 968 2354 sa»

114 2377 190 2437 lute:
208 2398 331 2457 quorum
342 2377 462 2436 alterum
473 2383 573 2454 optare
584 2375 698 2433 illomm
712 2375 890 2435 crudelitatis
900 2382 953 2450 est,

114 2458 235 2516 altemm
249 2476 414 2516 conservare
428 2455 595 2515 clementiae
609 2461 683 2514 tuae.
