2262 3412
454 122 532 175 car.
549 121 654 186 1.-111.,
671 121 757 184 §a-v.
995 104 1029 193 su

189 247 208 286 a
220 245 275 299 me,
287 225 436 284 sedetiam
449 245 466 284 a
480 232 580 284 senatu
594 231 623 285 et
637 244 654 283 a
667 223 749 283 vobis
762 224 917 284 manifesto
932 225 1038 304 depre-v

86 297 88 302 ¹
156 307 369 366 'henderetun
413 311 439 363 5.
452 304 559 382 ¹Itaque
579 305 781 391 hestemodie
802 305 834 364 L.
847 305 979 364 Flaccum
999 314 1043 366 et*
1109 305 1130 351 Ὗ

97 435 101 444 .
189 387 222 446 Ο.
239 386 428 464 Pomptinum
442 392 594 463 praetores,
606 385 779 448 fortissimos
795 391 881 462 atque
897 387 1029 444 amantis-
1107 433 1109 437 ,

169 529 170 534 1
189 468 278 525 simos
294 465 479 545 reipublicae
495 465 579 536 viros,
591 465 628 522 ad
641 484 688 522 me
702 465 813 537 vocavi,
822 484 882 522 rem
899 467 1027 543 exposui,

141 609 142 612 Ἴ
190 547 260 624 quid
272 546 334 604 fieri
347 545 471 624 placeret
485 545 605 603 ostendi
641 544 687 602 llli
701 552 806 616 autem,
818 545 868 622 qui
882 546 980 604 omnia
992 547 1029 606 de

34 655 59 676 a
143 680 146 686 ,
188 646 219 684 re
243 626 359 704 publiea
381 625 525 703 praeclara
550 631 636 702 atque
662 624 779 702 egregia
803 625 949 697 sentiren,
968 626 1029 685 sine
1054 629 1059 634 ”

188 706 366 764 recusatione
383 725 415 764 ac
432 705 493 766 sine
507 703 566 762 ulla
580 723 662 762 mora
677 704 826 781 negotium
844 713 1029 781 susceperunt

188 793 225 857 et,
236 805 302 844 cum
316 786 568 862 advesperasceret,
578 784 689 842 occulte
703 784 740 842 ad
754 791 873 861 pontem
888 783 1029 852 Mulvium

188 873 378 942 pervenerunt
391 872 477 942 atque
491 864 533 922 ibi
546 865 577 922 in
591 864 729 942 proximis
745 863 820 921 villis
837 845 1028 942 ffiertito

187 945 313 1018 fuerunt,
325 953 358 1004 ut
371 945 483 1002 Tiberis
496 945 571 1003 inter
584 964 634 1002 eos
650 952 680 1002 et
693 963 767 1021 pons
780 944 936 1004 interesset.
974 944 1029 1002 Eo-

188 1025 254 1083 dem
268 1032 364 1083 autem
381 1032 411 1082 et
424 1025 480 1102 ipsi
494 1025 555 1082 sine
569 1025 737 1102 cuiusquam
751 1024 909 1101 suspitione
922 1023 1029 1084 multos
1058 1068 1060 1072 ,

188 1104 277 1163 fortes
292 1105 367 1162 viros
380 1105 544 1175 eduxerant,
557 1111 586 1162 et
599 1113 654 1182 ego'
668 1123 703 1162 ex
717 1104 895 1181 praefectura
907 1103 1029 1162 Reatina

4 1179 54 1237 “·’.
106 1181 112 1202 ”
188 1185 349 1264 complures
365 1185 491 1243 delectos
507 1183 708 1255 adolescentes,
722 1203 843 1260 quorum
861 1203 947 1261 opera
962 1204 982 1242 u
1015 1205 1029 1242 r

187 1264 306 1322 adsidue
316 1265 348 1321 in
358 1264 522 1342 republica,
534 1250 677 1342 praesidio
692 1283 757 1322 cum
771 1263 875 1340 gladiis
885 1256 1040 1324 miseram?

188 1349 214 1402 6.
235 1343 354 1402 Interim
373 1345 459 1402 tertia
476 1345 537 1402 fere
555 1327 666 1422 vigilia*
674 1351 781 1414 exacta,
797 1363 862 1413 cum
881 1344 939 1400 iam
958 1350 1036 1421 pon·'
1094 1398 1096 1402 .

120 1427 123 1432 '
186 1430 246 1482 tem
258 1423 398 1482 Mulvium
412 1443 519 1502 magno
533 1425 673 1483 comitatu
683 1423 771 1501 legati
781 1422 973 1500 Allobrogum
986 1424 1029 1481 in-

186 1504 267 1580 gredi
284 1504 444 1582 inciperent
460 1523 573 1582 unaque
585 1503 760 1576 Vulturcius‚
775 1503 810 1560 fis
826 1504 856 1561 in
873 1523 923 1562 eos
938 1503 1028 1582 impe·
1074 1514 1076 1518 ⁴

186 1589 247 1641 tus:
263 1583 423 1642 educuntur
433 1591 463 1642 et
473 1582 574 1642 abillis
585 1584 674 1661 gladii
682 1591 712 1642 et
722 1583 860 1642 anostris,
884 1583 941 1641 Res
949 1603 1028 1662 prae-

186 1663 297 1722 toribus
317 1670 378 1722 erat
398 1671 468 1722 nota
488 1664 563 1735 solis,
579 1664 765 1741 ignorabatur
785 1683 802 1721 a
822 1663 930 1722 ceteris
971 1663 1025 1722 IIL

185 1741 261 1800 Tum
278 1737 440 1802 interventu
457 1743 608 1821 Pomptini
625 1751 711 1822 atque
727 1743 942 1822 Flacci‘pugna,
954 1763 1027 1820 quae

186 1830 246 1880 erat
260 1823 421 1895 commissa,
433 1823 555 1882 sedatur.
594 1823 726 1896 Litterae,
736 1841 932 1901 quaecumque
945 1831 1027 1882 erant

186 1901 217 1958 in
227 1921 262 1960 eo
273 1901 423 1974 comitatu,
435 1903 657 2039 intrff‘ssifflis
664 1903 843 1995 praetoribus
857 1903 1025 1962 traduntur:

185 1981 242 2059 ipsi
263 1981 461 2058 comprehensr

186 2060 337 2118 ducuntur.
379 2060 477 2138 Atque
493 2061 597 2118 horum
618 2062 749 2119 omnimn
767 2082 905 2120 socerum
921 2082 1027 2140 rmpro·

185 2137 336 2196 bissimum
352 2140 576 2198 machinatorem
591 2140 742 2199 Cimbrum
756 2141 912 2200 Gabinirun
927 2143 1026 2200 statim

185 2218 223 2276 ad
241 2238 296 2290 me,
311 2218 454 2278 nihildum
476 2220 677 2296 suspicantem,
689 2222 804 2279 vocavi:
830 2221 934 2280 deinde
955 2222 1026 2280 item
1048 2293 1051 2298 ι

185 2298 334 2356 arcessitus
350 2306 395 2357 est
411 2299 442 2357 L.
455 2298 586 2357 Statilius
601 2307 632 2358 et
647 2307 714 2379 post
730 2319 796 2358 eum
817 2300 850 2358 Ο.
862 2300 1024 2378 Cethegus:

184 2378 347 2436 tardissime
362 2386 459 2437 autem
476 2379 615 2438 Lentulus
631 2380 718 2452 venit,
734 2379 818 2438 credo
840 2380 919 2456 quod
934 2380 965 2438 in
981 2381 1027 2439 lit

536 2002 591 2053 me,
607 2001 673 2056 curn
694 2001 752 2040 ram
771 1983 942 2041 dilucescere
980 1983 1028 2042 de-

75 2473 82 2488 ·
184 2458 253 2536 teris
273 2458 376 2516 dandis
396 2465 508 2536 praeter
529 2459 766 2517 consuetudinem
788 2459 920 2537 pmlma
940 2468 1025 2520 noete

184 2537 357 2614 vigilaverat
402 2539 428 2597 7.
450 2538 525 2598 Cum
552 2539 673 2624 smmis
699 2546 730 2598 et
753 2538 1026 2612 clanssimiahmus

184 2617 308 2676 civitatis
324 2618 463 2696 viriquui
479 2619 578 2678 audita
593 2639 624 2678 re
639 2619 804 2698 frequentes
824 2619 861 2677 ad
877 2639 924 2678 me
940 2640 1025 2678 mane

184 2705 382 2770 convenerant,
394 2697 503 2757 litteras
519 2719 537 2757 a
551 2718 598 2758 me
615 2700 694 2778 ptius
710 2699 814 2777 aperiri
831 2719 917 2778 quam
934 2701 971 2758 ad
985 2720 1026 2758 se-

183 2784 284 2847 natum
305 2778 411 2836 deferri
431 2779 562 2856 placeret,
577 2799 621 2852 ne,
637 2781 661 2837 si
679 2780 752 2838 nihil
770 2781 1023 2858 essfflnyentum,

182 2865 290 2915 temere
305 2877 324 2915 a
339 2877 386 2916 me
406 2847 661 2918 tantu's't'umultus
680 2861 802 2918 iniectus
822 2861 932 2918 civitati
948 2860 1037 2934 νὼ-
1065 2889 1067 2895 s

183 2945 269 3009 retur,
283 2938 386 3015 negavi
402 2957 449 2996 me
470 2939 690 3018 essQuun
708 2946 741 2997 ut
757 2939 793 2997 de
810 2939 936 3017 periculo
953 2938 1025 3017 pub
1123 3001 1129 3010 ,

183 3017 239 3075 lico
253 3037 312 3075 non
326 3017 364 3075 ad
376 3017 528 3076 consilium
542 3018 690 3095 publicum
703 3038 764 3076 rem
778 3019 919 3096 integram
934 3019 1025 3076 defer-

182 3115 252 3155 rem.
294 3097 419 3168 Etenim,
432 3097 567 3170 Quirites,
582 3099 607 3155 si
622 3118 663 3170 ea,
676 3117 748 3176 quae
767 3105 847 3156 erant
863 3099 900 3156 ad
916 3099 1024 3157 mede

135 3196 139 3202 ·
182 3174 248 3250 lata,
261 3185 373 3255 reperta
386 3197 446 3236 non
459 3185 561 3251 essent,
571 3185 669 3237 tamen
682 3197 737 3255 ego
751 3197 810 3236 non
823 3177 980 3236 arbitrabar
992 3178 1023 3238 in
