2240 3418
378 118 458 168 onr.
474 118 601 182 rit-vr,
618 118 633 178 s
648 121 736 170 12-17.
928 90 979 169 'roi

140 220 217 280 enim
228 219 362 278 omittam
372 219 453 277 ouius
466 220 540 277 tanti
555 219 666 278 sceleris
679 221 767 278 fuerit
780 220 811 278 in
825 221 980 298 conspeetu

140 301 260 358 deorum
276 300 427 376 penatium
442 318 542 358 necare
558 299 711 377 hospitem,
724 301 804 357 ouius
817 306 914 358 tantae
928 300 980 357 im·

139 380 325 459 portunitatis
339 379 469 436 omnium
483 380 613 457 gentium
625 387 711 457 atque
722 379 815 436 omnis
825 381 980 438 memoriae

139 457 327 517 clarissimum
344 458 442 516 lumen
463 459 652 536 exstinguere,
665 460 745 518 ouius
765 466 861 517 tantae
880 460 980 517 feroci-

138 539 207 597 tatis
221 539 359 596 victorem
377 538 453 596 orbis
467 546 606 597 terrarum
620 559 679 596 uon
696 540 887 611 extimescere,
899 540 980 596 ouius

139 621 199 679 tam
212 618 363 676 inhumani
378 625 407 676 et
421 619 526 697 ingrati
540 619 666 691 animi‚a
682 638 739 696 quo
756 639 805 676 rex
821 619 980 696 appellatus

139 705 220 770 esset,
230 699 261 756 in
273 718 307 756 eo
318 705 473 776 tyrannum
484 698 613 770 inveniri,
625 705 659 757 ut
669 699 738 756 haec
750 699 891 769 omittam,
899 699 980 756 euius

138 779 213 856 tenti
229 779 335 836 furoris
355 779 414 836 fuit
435 798 534 836 omnes
554 797 643 856 reges,
659 798 782 856 quornm
797 778 883 836 multi
900 785 980 836 erant

138 851 263 936 finitimi,
276 877 376 916 omnes
389 858 494 936 liberos
507 859 639 936 populos,
652 878 751 916 omnes
762 858 868 929 socios,
881 877 980 915 omnes
1019 887 1022 896 ·

139 939 307 1016 provincias,
323 939 421 995 omnia
437 939 559 1016 denique
581 939 711 996 omnium
733 957 811 996 arma
831 944 930 996 eontra
950 957 980 996 se

139 1034 230 1077 unum
244 1019 385 1076 excitaret
416 1017 549 1087 Quonam
562 1018 610 1076 ille
623 1018 712 1076 modo
727 1037 792 1076 oum
806 1036 903 1094 regno,
914 1036 981 1074 eum

139 1093 237 1170 domo,
257 1117 323 1155 oum
344 1099 474 1175 coniuge,
492 1118 558 1156 eum
579 1099 724 1156 carissimo
746 1097 806 1154 filio
829 1097 980 1154 distractus

98 1233 100 1238 .
139 1185 221 1250 esset,
233 1185 315 1236 tanto
330 1178 432 1236 scelere
446 1198 505 1236 non
519 1179 607 1236 modo
620 1179 758 1255 perfecto,
770 1177 820 1235 sed
834 1178 921 1235 etiam
935 1197 980 1234 oo

139 1258 251 1336 gitatoi
291 1253 344 1316 VI.
381 1264 427 1316 16.
442 1257 492 1330 At,
505 1258 598 1330 oredo,
610 1257 679 1316 haec
695 1257 784 1315 homo
803 1257 980 1315 inconsultus

48 1345 50 1350 ’
140 1343 169 1400 et
184 1339 351 1396 temerarius
367 1358 426 1396 non
441 1338 562 1396 videbat.
605 1337 896 1408 Quis'eonsideratior
912 1337 980 1395 illot

141 1416 204 1494 quis
221 1418 342 1476 rectiori
367 1419 430 1496 quis
447 1418 633 1495 prudentiori
654 1436 827 1495 quamquam
844 1416 899 1475 hoc
916 1416 979 1474 loeo

139 1496 310 1556 Deiotarum
327 1517 386 1556 non
402 1505 463 1555 tam
480 1498 596 1574 ingenio
613 1504 643 1555 et
656 1497 809 1575 prudentia
823 1516 909 1574 quam
923 1495 979 1555 fide

140 1584 170 1635 et
183 1577 320 1654 religione
334 1578 409 1636 vitae
426 1577 639 1635 defendendum
654 1584 733 1655 puto.
776 1577 855 1634 Nota
868 1576 922 1634 tibi
937 1583 980 1634 est

140 1657 266 1715 hominis
276 1657 412 1735 probitas,
422 1656 454 1715 Ο.
463 1657 573 1729 Caesar,
586 1658 648 1715 noti
658 1676 760 1728 mores,
770 1662 840 1714 nota
850 1663 980 1714 constan-

140 1737 188 1802 tia
223 1736 280 1794 Cui
293 1757 387 1814 porro,
399 1737 448 1814 qui
460 1728 550 1794 *modo
564 1737 664 1815 populi
675 1737 799 1795 Romani
813 1755 918 1796 nomen
933 1756 980 1794 au-

140 1815 221 1888 divit,
233 1816 364 1874 Deiotari
391 1817 548 1894 integritas,
562 1817 694 1894 gravitas,
709 1817 808 1887 virtus,
823 1816 893 1874 fides
920 1835 980 1880 non

140 1896 239 1955 audita
259 1898 320 1954 esti
357 1895 446 1966 Quod
466 1897 554 1974 igitur
575 1897 687 1954 facinus
708 1915 760 1954 neo
781 1897 811 1954 in
832 1897 980 1954 hominem

140 1976 353 2054 imprudentem
370 1976 483 2034 caderet
496 1982 614 2054 propter
626 1983 737 2058 metum
751 1977 907 2053 praesentis
924 1977 980 2034 exi-

80 2123 83 2131 ,
140 2057 183 2128 tii,
193 2072 245 2114 neo
259 2056 289 2113 in
303 2056 505 2128 facinorosum,
515 2057 570 2113 nisi
584 2063 658 2114 esset
668 2056 744 2114 idem
759 2056 978 2127 amentissimus,

51 2133 54 2142 '
140 2137 172 2194 id
186 2153 237 2194 vos
253 2144 282 2194 et
296 2156 313 2194 a
326 2137 387 2194 viro
402 2137 514 2213 optimo
523 2143 560 2205 [et
573 2135 609 2193 ab
623 2135 740 2198 homine
756 2135 876 2192 minime
891 2135 979 2192 stulto

92 2267 94 2272 .
140 2216 299 2294 cogitatum
313 2235 373 2274 esse
387 2216 558 2293 confingitis.
602 2215 647 2274 17.
662 2215 705 2274 At
719 2234 804 2292 quam
818 2233 878 2272 non
891 2215 979 2272 modo

98 2289 102 2298 '
140 2316 200 2368 non
221 2296 401 2366 credibiliter,
422 2297 528 2354 sedne
549 2296 699 2373 suspitiose
721 2294 854 2372 quidem!
895 2292 978 2366 Cum,

140 2376 244 2453 inquit,
256 2371 287 2433 in
304 2375 450 2434 castellum
467 2374 602 2433 Blucium
619 2375 742 2432 venisses
759 2381 788 2432 et
804 2375 922 2432 domum
939 2394 980 2432 re·

47 2453 51 2459 ’
140 2457 194 2534 gis,
204 2455 325 2533 hospitis
335 2455 387 2527 tui,
398 2455 572 2527 devertisses,
581 2454 661 2512 loeus
674 2461 734 2512 erat
744 2453 869 2531 quidam,
879 2454 909 2511 in
921 2473 979 2531 quo

140 2543 223 2594 erant
243 2551 276 2594 ea
296 2535 463 2613 composita,
476 2535 579 2613 quibus
595 2541 624 2592 te
641 2555 690 2592 rex
708 2553 856 2594 munerare
877 2534 981 2592 eonsti-

140 2621 243 2674 tuerat
285 2611 353 2674 Huo
373 2621 402 2674 te
422 2634 438 2672 e
458 2614 568 2686 hainen,
583 2615 662 2693 prius
684 2608 770 2692 qiam
790 2613 979 2686 accumberes,

141 2693 245 2754 ducere
259 2693 380 2754 volebat.
415 2694 505 2753 Erant
518 2695 595 2752 enim
612 2695 722 2766 armati,
735 2695 784 2772 qui
798 2701 827 2752 te
843 2694 981 2752 interfice·

141 2782 213 2847 rent,
224 2776 255 2833 in
266 2794 301 2833 eo
315 2773 325 2832 i
347 2774 456 2832 soloce
470 2773 608 2832 oollooati.
651 2773 696 2831 En
710 2775 825 2846 orimen,
838 2793 873 2831 en
887 2793 979 2845 eausa,

142 2875 193 2913 eur
209 2874 306 2932 regem
320 2794 468 2931 iirgitivue,
480 2853 630 2913 domiuum
645 2873 741 2912 servus
754 2859 873 2911 aoouset.
916 2853 979 2930 Ego

142 2954 189 2993 me
200 2934 346 3006 Heroules,
356 2933 466 3006 Caesar,
478 2934 571 3005 initio,
581 2953 646 2992 cum
661 2940 704 2992 eet
717 2933 755 2991 ad
767 2953 814 2991 me
828 2933 884 2992 ista
897 2951 981 2990 eausa

142 3014 244 3087 delata,
253 3014 431 3092 Phidippum
442 3013 593 3086 medicum,
603 3033 715 3073 servum
726 3013 845 3090 regium,
855 3012 903 3089 qui
913 3028 979 3069 oum

142 3094 244 3172 legatis
260 3095 363 3154 missus
382 3100 463 3165 esset,
475 3093 511 3152 ab
525 3095 581 3152 isto
596 3094 774 3152 adolescente
788 3111 848 3150 esse
867 3111 981 3170 eorrup-

142 3175 280 3250 tum,-hae
296 3194 360 3236 sum
381 3175 538 3254 suspitione
559 3191 721 3253 percussus:
739 3171 891 3258 -Medieum
907 3171 980 3232 indi-
