2262 3418
326 170 330 178 .
391 127 470 179 cnr.
486 123 683 190 xv.-xvm.,
700 125 819 188 §reru
975 129 1024 176 sss

182 229 233 302 Te,
244 227 278 298 Q.
288 228 384 300 Petili,
392 228 515 306 appello·
523 228 667 305 optimum
675 235 704 286 et
714 227 904 286 fortissimum
915 228 1023 287 eivem:

9 365 15 378 ,
173 317 221 381 rte,
237 308 371 380 meato,
386 314 484 380 testor,
500 307 665 384 quosmihi
685 306 783 364 divina
803 307 943 385 quaedam
964 327 1024 366 sors

63 431 68 442 -
183 389 266 448 dedit
282 387 398 447 iudiees.
434 386 497 458 Vos
513 405 548 444 ex
563 387 601 444 M
612 386 738 444 Favonio
755 386 875 444 audistis
889 386 1024 444 Clodium

184 470 240 528 sibi
256 468 363 526 dixisse
382 473 412 524 et
428 466 555 544 audistis
565 465 630 524 vivo
647 463 751 524 Clodio
767 466 926 544 periturum
943 449 1038 524 Milo·

184 568 251 607 nem
264 547 370 606 triduo.
412 544 486 604 Post
499 545 576 603 diem
592 545 710 603 tertium
726 552 864 622 gestares
880 551 924 603 est
937 564 1024 622 quam

184 629 303 688 dixerat
345 626 421 684 Cum
437 625 485 683 ille
504 643 563 682 non
582 623 721 682 dubitarit
736 624 845 702 aperire
862 623 932 702 quid
949 625 1025 702 eogi-

184 713 326 778 taretros
336 705 457 784 potestis
467 705 598 764 dubitare
609 703 680 782 quid
689 703 808 762 feeeritl
845 702 943 761 XVIL
975 708 1022 763 45.

185 785 279 855 Quem
292 786 329 844 ad
339 786 460 844 modum
473 784 563 861 igitur
576 803 642 842 eum
653 783 715 842 dies
728 801 788 841 non
797 782 920 842 fefelliti
953 781 1024 842 Dixi

185 866 320 943 equidem
333 866 430 924 modo.
472 864 630 932 Dictatoris
643 863 785 924 lanuvini
801 861 1044 924 statasaorifieia·

125 987 145 996 ..
185 964 268 1004 nosse
288 945 399 1023 negotii
415 945 488 1002 nihil
504 951 572 1003 erat
614 931 700 1003 Vidit
716 962 829 1002 neeesse
845 961 906 1003 esse
922 941 1024 1001 Miloni

185 1025 327 1102 proficisci
343 1025 504 1083 lanuvium
519 1024 570 1082 illo
586 1025 651 1103 ipso
667 1042 726 1101 quo
745 1030 789 1081 est
804 1022 951 1100 profectus
968 1022 1022 1082 die.

186 1105 286 1183 Itaque
307 1105 467 1164 antevertit
507 1104 551 1163 At
570 1123 628 1182 quo
646 1104 712 1162 diei
733 1122 799 1180 quo,
814 1109 848 1161 ut
867 1109 934 1160 ante
954 1101 1023 1174 dixi,

185 1185 243 1242 fuit
252 1186 432 1244 insanissima
441 1185 540 1243 contio
550 1183 586 1242 ab
597 1183 687 1262 ipsius
700 1182 894 1241 mercennario
908 1181 1025 1240 tribuno

185 1265 277 1342 plebis
293 1266 451 1324 concitate:
474 1284 560 1342 quem
579 1265 657 1322 diem
673 1263 729 1334 ille,
742 1282 828 1340 quam
849 1261 1023 1334 contionem,

186 1364 258 1422 quos
274 1344 420 1416 clamores,
431 1345 487 1403 nisi
504 1345 540 1402 ad
554 1343 714 1422 cogitatum
727 1343 840 1401 facinus
856 1361 1025 1419 appropera-

185 1432 236 1497 ret,
249 1444 406 1502 numquam
416 1424 583 1502 reliquisset
618 1423 696 1501 Ergo
710 1423 752 1481 illi
760 1441 799 1482 ne
813 1441 897 1481 eausa
908 1421 1022 1499 quidem

184 1504 304 1576 itineris,
315 1505 403 1564 etiam
417 1524 502 1562 eausa
514 1504 666 1562 manendi:
688 1502 791 1562 Miloni
800 1501 936 1560 manendi
947 1501 1025 1560 nulla

186 1583 315 1656 facultas,
328 1584 450 1648 exeundi
466 1603 525 1642 non
542 1603 627 1642 eausa
643 1583 744 1655 solum,
760 1582 914 1641 sedetiam
931 1601 1025 1640 neees-

139 1734 142 1740 .
186 1664 255 1722 sitas
271 1664 336 1722 fuit.
379 1662 475 1732 Quidi
495 1663 528 1735 si,
540 1671 573 1722 ut
589 1663 637 1722 ille
653 1663 744 1735 seivit,
757 1662 895 1720 Milonem
909 1662 972 1721 fore
989 1681 1024 1720 eo

185 1743 233 1802 die
255 1743 285 1800 in
306 1744 360 1815 via,
379 1744 419 1801 sio
440 1743 575 1801 Clodium
596 1743 667 1801 Milo
687 1762 725 1802 ne
748 1742 886 1821 suspicari
907 1742 1024 1819 quidem

186 1823 300 1901 potuitl
340 1829 388 1882 46.
406 1823 538 1882 Primum
555 1842 661 1901 quaero
677 1823 775 1901 quiid
791 1823 862 1881 seire
878 1822 1024 1899 potueritl

187 1902 266 1980 quod
277 1903 420 1962 residem
434 1903 464 1960 in
479 1902 582 1961 Clodio
597 1921 729 1980 quaerere
743 1922 802 1960 non
815 1903 944 1980 potestis.
979 1901 1025 1961 Ut

186 1983 264 2041 enim
284 1983 429 2041 nemiuem
449 1982 538 2041 alium
558 1982 615 2040 nisi
634 1981 667 2040 Τ.
679 1982 822 2054 Patinam,
840 1981 1025 2040 familiarissi-
1077 1981 1080 1987 '

186 2081 267 2124 mum
283 2082 375 2134 suum,
387 2068 523 2140 rogasset,
535 2063 607 2120 seire
620 2062 717 2138 potuit
730 2061 780 2119 illo
794 2062 858 2139 ipso
871 2061 919 2118 die
933 2060 1025 2120 Lanu-

186 2143 226 2200 vii
243 2161 260 2199 a
276 2142 417 2204 dictatore
433 2142 542 2202 Milone
557 2141 642 2219 prodi
660 2141 806 2200 flaminem
825 2159 940 2199 neeesse
954 2160 1022 2200 esse.

186 2221 245 2280 sed
260 2229 341 2280 eraut
356 2220 491 2299 permulti
507 2221 565 2293 alii,
577 2241 612 2278 ex
631 2221 737 2298 quibus
753 2220 784 2278 id
800 2219 936 2278 facillime
953 2221 1024 2278 seire

186 2309 299 2380 posset:
327 2321 427 2360 omues
451 2300 731 2361 scilieetLanuvini.
773 2299 844 2358 Milo
868 2300 905 2357 de
928 2298 1025 2358 Clodii

186 2381 280 2440 reditu
290 2381 367 2440 unde
381 2380 538 2459 quaesiuiti
572 2379 730 2449 Quaesierit
741 2397 824 2439 sane:
846 2379 939 2437 videte
955 2379 1025 2457 quid
1040 2393 1044 2402 '

185 2459 268 2520 uobis
281 2460 400 2539 largiar:
421 2479 534 2519 servum
548 2461 643 2532 etiam,
654 2465 687 2518 ut
700 2459 852 2530 QArrius,
862 2477 943 2516 meus
956 2459 1025 2517 ami-

186 2560 244 2613 ous,
254 2541 336 2613 dixit,
348 2540 513 2618 corruperit.
545 2539 646 2617 Legite
656 2539 822 2598 testimonia
834 2539 951 2598 testium
965 2558 1026 2598 ves·

186 2626 304 2680 trorum.
346 2619 431 2678 Dixit
452 2619 484 2679 C.
497 2619 649 2678 Causinius
673 2619 764 2691 Seoln,
780 2619 965 2689 Interamnam,
983 2618 1025 2676 ia·

186 2699 394 2758 miliarissimu's
404 2700 521 2772 etidem
532 2719 628 2758 eomes
638 2698 742 2769 Clodii,
752 2699 833 2758 ouius
843 2699 899 2760 iam
912 2698 1024 2776 pridem

186 2780 352 2837 testimonio
373 2779 493 2837 Clodius
517 2779 617 2838 eedem
640 2777 712 2837 hora
731 2778 910 2836 Interamnae
930 2778 1025 2836 fuerat

187 2866 216 2916 et
229 2859 347 2930 Romae,
360 2859 392 2917 P.
403 2858 538 2917 Clodium
552 2858 602 2918 illo
620 2858 666 2916 die
683 2860 712 2915 in
727 2856 842 2915 Albano
858 2874 1025 2915 mansurum

186 2938 284 3009 fuisse,
297 2939 347 2996 sed
361 2937 457 2996 subito
473 2939 574 2997 siesse
589 2937 751 2996 nuntiatum
767 2936 876 3013 Cyrum
890 2935 1025 2994 architec-

186 3025 250 3076 tum
270 3038 330 3076 esse
351 3023 506 3089 mortuum,
524 3018 621 3095 itaque
642 3023 759 3094 repente
777 3015 899 3074 Romam
920 3015 1026 3072 consti-

186 3097 275 3155 tuisse
295 3097 443 3174 proficisoi.
486 3097 569 3155 Dixit
589 3096 645 3154 hoo
666 3114 762 3154 eomes
781 3096 852 3153 item
873 3094 906 3152 P.
918 3093 1023 3165 Clodii,

186 3175 219 3236 C.
228 3176 354 3250 Clodius
389 3175 504 3238 XVHL
536 3174 1026 3252 47.Videte‚.iudioes,quantaeres
