2240 3418
371 170 375 177 .
432 131 733 198 cun.1.-111.,§1ffr.
956 135 1002 188 rar

162 237 286 316 piditate
310 235 437 312 adripuit
457 234 618 311 imperium,
634 233 658 291 si
674 233 747 292 illud
767 235 919 312 imperium
944 254 1004 294 esse

162 317 267 394 potuit,
281 315 359 393 quod
378 314 416 372 ad
432 314 575 392 privatum
596 313 718 372 clamore
739 315 932 374 multitudinis
952 315 1005 372 im·

163 397 280 474 peritae,
292 394 371 453 nullo
382 393 498 471 publico
510 393 628 452 oonsilio
640 393 828 454 deferebatur.
864 399 891 452 4.
903 393 1004 472 Itaque

163 477 301 554 Ligarius,
315 475 364 552 qui
383 493 468 532 omne
489 473 545 531 tale
566 473 715 550 negotium
736 481 852 550 cuperet
869 475 1002 552 effugere,

162 556 291 632 paullum
318 554 444 611 adventu
464 553 534 612 Vari
561 553 733 629 conquievit.
778 553 816 611 II.
837 552 951 625 Adhuc,
969 553 1001 612 O.

163 635 274 706 Caesar,
290 634 324 704 Q
340 633 472 712 Ligarius
496 633 576 690 omni
600 632 684 708 culpa
706 639 795 690 vacat.
837 631 935 690 Domo
959 641 1004 691 est

147 737 151 746 ’
163 735 291 792 egressus
305 733 364 772 non
380 713 468 771 modo
482 712 593 770 nullum
607 713 644 769 ad
658 711 773 783 bellum,
785 711 836 769 sed
849 730 885 769 ne
901 711 938 768 ad
951 713 1004 769 mi-

162 796 271 852 nimam
293 794 410 873 quidem
431 792 619 870 suspitionem
640 791 726 850 belii:
751 790 861 868 legatus
882 791 1003 868 inpane

162 875 309 951 proiectus
324 881 383 932 est:
404 873 435 930 in
449 872 596 950 provincia
608 871 791 948 pacatissima
804 871 844 928 ita
858 889 888 928 se
904 871 1001 948 gessit,

162 961 196 1012 ut
206 955 233 1012 ei
246 973 347 1032 pacem
361 973 421 1012 esse
436 952 589 1030 expediret.
621 951 770 1009 Profectio
784 957 859 1009 certe
874 951 1002 1024 animum

162 1040 245 1090 tuum
266 1053 326 1091 non
348 1033 434 1091 debet
458 1031 619 1090 offendere:
641 1050 712 1088 num
732 1031 822 1107 igitur
842 1030 1003 1088 remansio?

163 1112 255 1170 Multo
283 1113 386 1171 minus
432 1111 508 1169 Nam
531 1111 673 1188 profectio
697 1110 874 1167 voluntatem
901 1108 1003 1167 habuit

162 1212 221 1250 non
235 1200 358 1270 turpem,
370 1192 511 1250 remansio
526 1191 723 1248 necessitatem
740 1189 826 1246 etiam
841 1189 1000 1246 honestam.

162 1271 239 1349 Ergo
248 1272 325 1329 haec
342 1272 400 1329 duo
414 1278 545 1348 tempora
561 1276 657 1327 carent
671 1269 803 1326 erimine:
824 1287 923 1339 unum,
935 1287 1002 1326 cum

162 1359 206 1408 est
216 1352 326 1428 legatus
340 1351 495 1428 profectus,
507 1350 636 1420 alterum,
647 1368 713 1406 cum
727 1347 928 1424 efflagitatusa
938 1367 1002 1424 pro

163 1431 256 1488 vincia
271 1431 451 1508 praepositus
467 1429 583 1487 Africae
598 1435 648 1486 est.
692 1435 718 1486 5.
736 1427 865 1502 Tertium
886 1434 1002 1504 tempus

163 1517 214 1582 eet,
226 1509 305 1587 quod
315 1517 382 1587 post
392 1509 547 1567 adventum
558 1509 629 1568 Vari
642 1508 672 1564 in
684 1507 785 1566 Africa
798 1507 1002 1584 restitit‚=quod
1067 1503 1068 1506 ’

163 1589 187 1646 si
201 1597 244 1648 est
254 1590 448 1660 criminosum,
460 1588 636 1646 necessitatis
649 1588 757 1646 crimen
771 1595 822 1658 est,
834 1607 893 1645 non
903 1587 1012 1658 volun,

162 1669 239 1727 tatis.
281 1668 330 1726 An
343 1668 399 1739 ille,
412 1669 437 1725 si
450 1669 591 1745 potuisset
604 1667 684 1725 illinc
697 1667 756 1725 ullo
770 1667 859 1724 modo
874 1666 1000 1738 evadere,

162 1748 266 1808 Uticae
287 1768 373 1826 quam
392 1747 508 1819 Romae,
521 1767 585 1805 cum
603 1747 636 1806 P.
646 1747 731 1805 Attio
749 1767 834 1824 quam
852 1766 917 1810 cum
936 1766 1002 1804 con-

162 1829 337 1886 cordissimis
350 1826 493 1898 fratribus,
501 1847 566 1884 cum
581 1827 687 1885 alienis
695 1846 755 1884 esse
766 1846 852 1904 quam
863 1846 929 1884 cum
943 1827 1001 1884 suis

75 1905 79 1912 '
162 1906 326 1966 maluisseti
360 1906 435 1965 Cum
451 1907 513 1984 ipsa
528 1907 634 1984 legatio
651 1906 737 1984 plena
753 1906 885 1964 desiderii
899 1926 932 1964 ac
949 1906 1002 1963 sol-

162 1987 318 2045 licitudinis
332 1987 434 2045 fuisset
444 1993 562 2064 propter
575 1986 772 2044 incredibilem
783 1986 935 2063 quemdam
947 1986 1003 2042 fra-

124 2125 127 2130 ,
162 2074 239 2124 tmm
265 2086 400 2138 amorem,
420 2066 468 2124 hic
491 2086 583 2143 aequo
608 2066 705 2123 animo
729 2085 789 2123 esse
814 2066 911 2142 potuit
933 2065 1001 2123 belli

162 2146 285 2204 discidio
300 2146 452 2204 distractus
466 2145 650 2204 airatribusi

98 2240 103 2250 '
203 2231 230 2284 6.
243 2225 363 2283 Nullum
373 2225 462 2302 igitur
472 2224 567 2297 habes,
577 2225 688 2296 Caesar,
699 2223 792 2282 adhuc
802 2224 833 2282 in
844 2223 878 2293 Q
887 2222 1001 2301 Ligario

162 2305 276 2383 signum
287 2305 394 2363 alienae
405 2312 461 2363 ate
471 2305 642 2363 voluntatis:
663 2305 743 2362 euius
754 2323 809 2380 ego
819 2323 933 2361 causam
943 2305 1002 2361 ani·

162 2384 315 2455 madverte,
329 2404 442 2462 quaese,
455 2404 511 2462 qua
526 2384 582 2442 fide
596 2384 766 2442 defendam:
788 2383 880 2460 prodo
897 2402 999 2441 meam.

162 2464 189 2522 Ο
213 2464 393 2522 clementiam
418 2463 614 2522 admirabilem
641 2470 726 2540 atque
753 2463 883 2520 omnium
907 2462 1000 2533 laude,

161 2543 381 2620 praedicatione,
399 2543 502 2601 litteris
525 2543 775 2620 monumentisque
797 2542 1001 2600 decorandam!

161 2622 237 2680 Cum
254 2623 292 2681 M.
303 2622 403 2680 Cicero
420 2623 497 2698 apud
513 2627 542 2680 te
559 2622 690 2680 defendit
706 2622 794 2681 alium
811 2623 841 2679 in
858 2642 891 2680 ea
904 2622 1002 2679 volun-

160 2707 221 2760 tate
234 2721 293 2759 non
304 2702 401 2774 fuisse,
413 2702 443 2759 in
458 2720 514 2778 qua
528 2721 557 2759 se
571 2702 666 2778 ipsum
680 2701 832 2760 confitetur
842 2702 939 2772 fuisse,
949 2719 1001 2758 nec

161 2788 226 2838 tuas
242 2781 343 2839 tacitas
359 2781 548 2858 cogitationes
564 2780 725 2840 extimescit
741 2780 880 2858 necquid
894 2781 948 2839 tibi
965 2779 1002 2838 dc

159 2861 218 2918 alio
239 2860 367 2918 audienti
388 2861 424 2918 de
445 2879 474 2918 se
494 2860 558 2936 ipso
579 2865 708 2920 occurrat
728 2859 903 2922 reformidat.
945 2858 999 2916 IIL

162 2940 239 2999 Vide
256 2959 343 3017 quam
359 2959 419 2996 non
439 2938 641 2996 reformidem:
663 2937 728 2996 vide
746 2945 853 3015 quanta
868 2938 916 2996 lux
933 2937 1002 2995 libe·

161 3019 282 3077 ralitctis
299 3027 328 3077 et
342 3018 497 3096 sapientiae
510 3025 576 3076 tuae
590 3011 663 3075 mihi
677 3019 754 3094 apud
767 3026 796 3075 te
810 3017 917 3074 dicenti
933 3017 1001 3074 obo-

161 3100 267 3157 riatur:
285 3105 424 3176 quantum
439 3104 548 3174 potero,
558 3117 628 3155 voce
642 3096 822 3167 contendam,
833 3102 867 3153 ut
876 3095 1001 3173 populus
1038 3133 1042 3140 -

159 3178 218 3236 hoc
240 3178 387 3236 Romanus
411 3177 559 3235 exaudiat:
590 3176 615 3236 7.
634 3182 766 3252 suscepto
786 3174 870 3247 bello,
888 3175 999 3248 Caesar,
