2262 3412
404 147 483 200 cnr.
495 147 683 232 vr.-t3111.,§
702 151 791 202 1a1s.
812 212 814 218 ¹
989 149 1023 205 st

174 249 409 330 farii'porioulum
424 249 460 330 de
482 248 590 308 ellatur.
625 249 747 308 Dicatur
762 270 828 310 sane
842 250 949 311 eiectus
962 235 1023 312 esse

175 352 192 390 a
205 352 260 404 me,
273 332 343 389 dum
357 329 445 387 modo
457 268 552 465 {tn
568 329 708 389 exsilium.
751 330 809 389 Sed
819 331 891 388 mihi
906 333 1020 406 credite,

175 431 234 470 non
253 417 296 474 est
314 410 413 467 iturus.
487 428 624 486 umquam
646 427 700 486 ego
720 429 738 466 a
753 409 798 468 dis
814 411 1023 470 immortalibus

175 491 291 568 optabo,
303 489 437 561 Quirites,
450 489 575 546 invidiae
593 507 674 547 meae
689 488 824 548 levandae
840 509 932 564 causa,
943 498 976 548 ut
990 491 1021 550 L.

175 569 329 628 Catilinam
345 569 448 626 ducere
466 569 622 626 exercitum
641 568 769 626 hostium
788 576 874 647 atque
890 571 920 627 in
937 572 1023 640 armis

175 649 294 707 volitare
308 647 437 720 audiatis,
451 647 502 705 sed
513 648 610 706 triduo
622 655 720 706 tamen
734 648 864 720 audietis,
874 650 1023 728 multoque

175 729 268 806 magis
281 727 353 786 illud
366 728 464 800 timec,
474 747 510 786 ne
526 728 599 785 mihi
618 728 656 785 sit
671 727 846 786 invidiosum
860 729 1021 806 aliquando,

176 808 255 885 quod
274 807 356 866 illum
382 807 526 866 emiserim
549 808 647 886 potius
674 827 760 884 quam
780 809 860 886 qnod
883 809 1021 868 eiecerim.

176 887 234 946 Sed
259 907 325 946 eum
353 868 567 971 sinthoffrines
597 887 647 964 qui
673 887 764 959 illum,
786 907 852 945 cum
876 888 1023 966 profectus

175 968 213 1024 sit
236 967 295 1026 eiee
379 985 439 1026 esse
464 966 570 1038 dicant,
589 966 686 1039 iidem,
704 967 728 1024 si
748 966 916 1026 interfectus
939 975 1021 1040 esset,

13 1011 226 1225 fflddl
303 1047 419 1104 serenti
451 1032 699 1123 lffiamquam
723 1047 780 1119 isti,
798 1047 848 1124 qui
868 1046 1047 1104 Catilinam.

90 1189 99 1218 ο
175 1110 386 1184 Massiliam-fre
399 1124 542 1197 dictitant,
556 1144 615 1182 non
628 1131 688 1183 tam
700 1126 756 1184 hoc
770 1133 927 1210 queruntur
936 1145 1023 1204 quam

175 1212 315 1263 verentur.
344 1205 438 1262 Nemo
449 1210 493 1262 est
503 1205 626 1262 istorum
639 1211 698 1262 tam
710 1205 871 1263 misericors
882 1205 931 1282 qui
942 1205 1023 1263 illum

25 1165 234 1456 Quos
258 1283 295 1342 ad
316 1283 457 1342 Manlium
480 1303 566 1362 quam
592 1283 630 1341 ad
654 1283 843 1342 Massilienses
866 1284 908 1342 ire
931 1285 1021 1376 Q*

92 1420 121 1487 h

175 1363 227 1422 llle
243 1370 348 1436 autem,
363 1363 388 1421 si
405 1383 453 1422 me
470 1363 584 1422 hercule
603 1363 667 1435 hoc,
684 1363 763 1440 quod
781 1363 849 1440 agit,
864 1382 1023 1440 numquam

175 1450 258 1502 antea
284 1463 319 1502 oo
341 1444 445 1515 'tasset
468 1451 566 1502 tamen
596 1442 815 1520 latrocinantem
842 1461 873 1501 se
901 1442 1023 1502 interfici

175 1524 272 1582 mallet
311 1543 331 1582 u
402 1523 529 1582 exsulem
554 1523 657 1581 vivere
701 1521 787 1580 Nunc
810 1541 887 1596 vero,
906 1541 973 1580 cum
996 1523 1023 1581 ei

176 1604 249 1661 nihil
338 1623 372 1661 uc
402 1611 514 1683 praeter
540 1603 630 1682 ipsius
660 1603 839 1662 voluntatem
869 1604 1019 1682 cogitatio·

176 1701 300 1762 nemque
319 1682 461 1756 acciderit,
476 1683 532 1741 nisi
552 1683 631 1762 quod
649 1683 722 1741 vivis
740 1683 824 1741 nohis
842 1683 937 1754 Roma
954 1702 1019 1762 pro

176 1763 270 1821 fectus
289 1770 340 1836 est,
356 1771 489 1860 opQus
505 1765 603 1842 potius
621 1770 654 1822 ut
660 1769 717 1851 ῳ
733 1763 764 1820 in
783 1763 914 1822 exsilium
931 1783 1018 1841 quam

197 1861 336 1902 ucramur.

177 1862 197 1920 q
217 1921 301 1981 VIII.
345 1920 390 1980 17.
413 1921 471 1980 Sed
487 1941 537 1980 cur
552 1929 613 1980 tarn
630 1921 680 1979 diu
697 1921 733 1980 de
751 1941 810 1980 nno
826 1922 911 1981 hoste
926 1922 1018 2000 loqui-

176 2019 243 2058 mur
258 2006 288 2058 et
304 2000 341 2058 de
357 2019 392 2058 eo
407 2001 499 2072 hoste,
513 2002 561 2078 qui
575 2002 632 2058 iam
645 2001 755 2060 fatetur
771 2021 800 2060 se
817 2021 877 2061 esse
893 2002 1016 2073 hostem,

178 2087 208 2136 et
218 2098 313 2156 quern,
323 2080 398 2156 quia,
408 2080 487 2156 quod
497 2099 609 2158 semper
618 2080 704 2151 volui,
714 2100 813 2138 mums
823 2081 949 2154 interest,
958 2100 1017 2140 non

177 2159 285 2215 timeo:
304 2158 341 2215 de
354 2158 408 2230 his,
418 2159 468 2236 qui
479 2158 667 2231 dissimulant,
677 2160 727 2237 qui
737 2159 1016 2241 Romaeremanent,

177 2237 229 2314 qui
252 2236 402 2294 nobiscum
427 2245 501 2309 sunt,
519 2238 591 2296 nihil
613 2237 754 2296 dicimusl
797 2237 877 2307 Quos
901 2241 1018 2316 quidem

178 2335 245 2394 ege,
254 2317 279 2375 si
292 2303 456 2374 ullo-modo
470 2317 531 2376 fieri
544 2317 644 2453 pospih
656 2336 715 2374 non
728 2324 788 2374 tam
802 2318 902 2407 ulcisci
916 2318 1018 2376 studeo

178 2415 265 2473 quam
286 2415 384 2454 sanare
403 2397 458 2455 sibi
474 2397 560 2474 ipsos,
575 2415 687 2474 pacare
704 2397 746 2454 rei
762 2396 901 2474 publicae,
916 2416 1017 2475 neque,
1081 2411 1085 2426 ¹
1117 2420 1123 2440 ¹

177 2476 209 2534 id
221 2495 279 2554 qna
290 2495 322 2534 re
335 2475 396 2535 fieri
409 2495 468 2534 non
482 2477 581 2554 possit,
592 2476 617 2534 si
629 2495 677 2534 me
690 2476 788 2535 audire
801 2475 907 2548 volent,
917 2476 1020 2535 intelli·

177 2574 224 2634 go.
266 2555 417 2634 Exponam
431 2555 612 2627 enimVobis,
624 2555 758 2628 Quirites,
770 2575 805 2614 ex
819 2555 923 2634 quibus
936 2575 1020 2634 gene·
1043 2532 1116 2614 Μ

177 2635 256 2694 ribus
279 2635 432 2694 hominum
453 2635 524 2694 istae
548 2636 648 2713 copiae
672 2644 889 2724 comparentur:
914 2637 1019 2695 deinde
1037 2666 1051 2695 ι

178 2715 298 2794 singulis
314 2715 486 2772 medicinam
504 2715 718 2793 consssiiatque
735 2715 872 2774 orationis
889 2735 979 2789 meae,
1010 2715 1017 2728 '

179 2811 265 2874 qnam
275 2801 386 2872 potero,
396 2795 532 2853 adferam.
569 2801 615 2854 18.
633 2795 734 2855 Unum
748 2814 839 2872 genus
853 2802 896 2854 est
909 2815 1018 2876 eorum,
1108 2845 1116 2858 ,

179 2874 229 2950 qui
243 2893 348 2951 magno
362 2874 392 2931 in
406 2893 470 2932 aere
484 2874 576 2932 aheno
589 2875 712 2932 maiores
725 2876 812 2933 etiam
826 2875 1019 2952 possessiones
1104 2864 1120 2892 '⁹

76 3003 86 3014 .
178 2953 294 3025 habeut,
310 2956 546 3032 quamm'amorc
564 2952 682 3012 adducti
698 2953 815 3012 dissolvi
831 2954 1018 3012 nullomodo
1094 2991 1107 3005 ,ι

179 3040 307 3110 possunt.
342 3033 456 3092 Horum
466 3033 618 3090 hominum
629 3033 737 3110 species
748 3040 791 3091 est
801 3033 1018 3091 honestissimas

176 3121 248 3171 sunt
264 3114 340 3171 enim
357 3113 529 3191 locupletes:
550 3112 683 3171 voluntas
698 3132 766 3172 vero
782 3120 812 3170 et
828 3131 912 3170 causa
927 3114 1020 3190 impu·

179 3192 353 3252 dentissima
396 3193 441 3252 Iu
463 3193 546 3271 agris,
566 3200 598 3250 tu
621 3192 764 3264 aedificiis,
784 3199 816 3250 tu
839 3199 966 3269 argento,
986 3199 1018 3250 tu
