2262 3412
118 133 151 184 56
275 132 316 182 IN
331 130 362 182 L,
376 130 581 192 CATILINAM
597 129 732 183 ORATIO
748 132 801 184 III.

118 235 207 296 tantis
226 235 267 294 rei
287 234 419 313 publicae
438 234 572 312 periculis
592 253 653 292 8888
667 235 741 292 mihi
759 235 882 294 nimiam·
896 235 959 294 dili·

118 317 245 393 gentiam
259 315 523 393 pertimescendam.
541 356 547 363 -
565 314 703 373 Senatum
718 315 898 392 frequentem
915 335 958 374 ce·

117 396 221 467 leuiter,
236 402 269 452 ιιι
290 395 410 466 vidistis,
425 395 517 471 coegi.
561 401 587 452 8.
608 394 706 472 Atque
729 395 838 452 interea
859 396 957 453 statim

118 475 268 533 admonitu
282 475 473 552 Allobrogum
490 474 523 532 C.
539 473 698 551 Sulpicium
715 481 884 552 praetorem,
899 475 958 532 for·
1052 518 1057 528 ,

117 561 177 612 tem
194 555 295 626 virum,
307 555 381 626 misi,
395 555 445 632 qui
460 574 496 612 ex
512 553 631 612 aedibus
647 554 778 632 Cethegi,
789 555 815 612 si
831 555 903 632 quid
917 562 958 614 te-

117 634 211 692 lorum
232 640 313 705 esset,
328 635 459 693 efferret:
481 653 516 692 ex
533 632 638 711 quibus
653 633 684 691 ill
716 635 875 693 maximum
889 635 958 692 sica·

117 733 181 772 rum
195 733 346 772 numerum
360 721 389 772 et
402 714 563 792 gladiorum
578 653 712 788 extulilj

158 793 210 853 IV.
226 794 378 852 Introduxi
388 793 572 852 Volturcium
586 794 647 852 sine
660 793 767 852 Callis:
785 791 872 852 fidem
886 792 958 871 pub-

117 873 202 931 licam
218 874 297 931 iussu
317 881 431 931 senatus
447 873 530 931 dedi:
552 874 683 932 hortatus
699 893 773 946 sum,
783 855 874 946 Ma,
885 891 957 951 quae

96 954 210 1091 ‘eget'
227 954 289 1011 siue
309 954 413 1012 timore
436 953 585 1033 ligi-caret
626 953 702 1011 Tum
722 953 771 1011 ille
791 953 873 1025 dixit,
890 972 957 1011 cum
1020 1013 1024 1019 ,

148 1053 165 1090 x
182 1053 212 1090 se
228 1053 263 1091 ex
283 1052 389 1110 magno
405 1033 509 1091 timore
525 1040 685 1105 recreasset,
701 1053 718 1090 8
737 1033 771 1092 P.
784 1033 906 1091 lentulo
926 1051 957 1091 88

116 1112 221 1171 habere
235 1113 273 1170 ad
286 1112 444 1170 Catilinam
453 1095 755 1185 mandatffilitteraa,
764 1120 799 1170 ut
811 1131 956 1170 servorum

117 1193 260 1270 praesidio
276 1199 411 1264 uteretur,
423 1199 456 1250 ut
471 1193 625 1274 ad0urbem
643 1211 728 1271 quarn
745 1193 871 1271 primum
890 1211 956 1250 oum

117 1273 243 1331 exercitu
267 1257 429 1331 acc‘e'dffet:
453 1272 485 1331 id
506 1280 602 1330 autem
626 1291 661 1330 eo
685 1273 872 1352 efflabant,
890 1291 956 1330 cum

116 1352 216 1411 urbem
227 1373 262 1412 ex
273 1352 408 1411 omnibus
418 1339 556 1429 paiiibus,
566 1371 651 1430 quem
662 1353 699 1410 ad
709 1352 829 1410 modum
839 1352 957 1430 discrip-

116 1439 180 1490 tum
190 1432 433 1509 distributumque
446 1437 514 1504 erat,
526 1431 719 1513 lleffll
729 1433 901 1510 caedemque
915 1433 957 1489 in-

116 1511 227 1570 finitam
244 1513 349 1570 civium
366 1511 510 1583 fecissent,
521 1518 636 1588 praesto
652 1531 668 1569 e
713 1518 726 1569 t
742 1511 789 1570 ille
806 1512 855 1588 qui
870 1519 899 1569 et
912 1512 957 1570 fu·

116 1592 227 1669 gientes
243 1593 304 1650 cxci
342 1599 386 1650 ret
399 1597 429 1650 et
442 1609 552 1650 secum
567 1531 742 1649 his'ffiffnia
756 1591 877 1649 ducibus
890 1609 957 1649 cou-

115 1672 254 1750 iungeret.
317 1717 323 1729 .
362 1671 507 1729 utroducti
528 1677 624 1729 autem
645 1671 720 1729 Galli
738 1671 783 1729 ius
803 1671 955 1729 iurandum

116 1751 171 1808 sibi
185 1759 215 1809 et
229 1751 338 1810 litteras
351 1750 387 1808 ab
401 1750 532 1822 lentulo,
544 1750 683 1829 Cethego,
695 1731 955 1809 Statiffia-d'suam

115 1838 232 1906 gentem
247 1831 329 1889 datas
342 1850 403 1890 esse
416 1831 558 1902 dixerunt,
570 1837 656 1908 atque
667 1831 708 1888 ita
721 1831 776 1888 sibi
790 1830 826 1888 ab
840 1830 886 1888 his
899 1837 956 1889 eta

115 1909 146 1969 L.
155 1910 255 1968 Cassio
272 1930 332 1969 esse
348 1911 564 1990 praescriptum,
575 1917 609 1968 ut
623 1911 782 1988 equitatum
796 1911 827 1968 in
842 1910 955 1968 Italiam

116 2009 202 2068 quam
218 1991 345 2068 primum
361 1991 524 2048 mitterent:
545 1990 691 2068 pedestres
698 1989 762 2126 fisffi
779 1990 876 2068 copias
896 2009 954 2047 nou

115 2070 278 2128 defuturas:
296 2059 560 2128 lentulffiffairtem
574 2069 629 2128 sibi
643 2089 698 2128 con
718 2089 824 2128 rmasse
837 2069 955 2127 err-fatis

115 2149 517 2233 Sibyffiniahamspicumque
530 2131 674 2227 resffohdis
688 2169 717 2208 se
731 2168 791 2208 esse
805 2149 886 2207 illum
900 2156 955 2207 ter-

114 2230 189 2288 tium
204 2229 378 2302 Cornelium,
390 2230 428 2287 ad
442 2248 527 2307 quem
540 2247 661 2307 reguum
676 2229 762 2286 huius
774 2215 955 2307 urbrs‘atque

114 2310 267 2387 imperium
284 2309 432 2386 pervenire
447 2316 521 2368 esset
541 2327 672 2368 necesse:
694 2309 817 2367 Cinnam
838 2315 904 2367 ante
925 2327 955 2367 88

115 2397 145 2448 a
161 2389 269 2448 snum
286 2390 392 2448 fuce:
414 2371 594 2466 euffinque
614 2389 719 2447 nasse
739 2389 857 2448 famem
877 2388 954 2447 nune

115 2487 175 2527 esse
192 2487 299 2527 anuum
316 2470 353 2527 ad
369 2470 517 2528 interitum
533 2469 620 2526 huius
635 2468 715 2526 urbis
730 2476 817 2546 atque
830 2469 953 2545 imperii,
1061 2479 1067 2490 ·

116 2550 165 2626 qui
189 2556 263 2632 ega-et
286 2568 378 2607 annus
398 2549 527 2607 decimus
546 2555 613 2626 post
633 2549 777 2627 virginum
801 2547 955 2606 absolutio·

114 2628 882 2707 nem,postCapitoliiautemincensionemvicesimus.
907 2633 952 2686 10.

114 2707 199 2766 Hanc
207 2714 304 2766 autem
313 2709 443 2787 Cethego
451 2729 517 2767 cum
526 2709 627 2767 ceteris
635 2709 857 2766 controversiam
866 2709 955 2766 luisse

91 2861 93 2866 Ι
115 2789 257 2861 dixerunt,
270 2789 348 2867 quod
365 2788 487 2847 Lentulo
503 2795 533 2848 et
549 2789 612 2847 aliia
625 2788 822 2866 Satumfflbua
838 2789 954 2846 caedem

114 2867 176 2927 fieri
192 2876 278 2947 atque
295 2869 395 2927 urbem
412 2869 527 2928 incendi
543 2869 674 2954 obiceret,
685 2869 815 2946 Cethego
831 2869 955 2926 nimium

72 2969 74 2974 ·
114 2949 146 3007 id
156 2949 275 3027 longum
287 2949 437 3008 videretur.
473 2949 510 3008 V.
522 2949 567 3007 Ac
581 2945 617 3008 he
631 2950 749 3026 longum
764 2949 809 3020 sit,
820 2948 954 3020 Quirites,

114 3029 232 3087 tabellas
246 3029 369 3108 proferri
385 3030 528 3100 iussimus,
541 3048 613 3106 quae
628 3048 646 3086 a
660 3047 774 3106 quoque
787 3027 956 3086 dicebantur

115 3109 205 3168 datae.
248 3109 348 3167 Primo
362 3109 540 3166 ostendimus
553 3108 683 3184 Cethego
697 3108 829 3185 signum:
851 3125 956 3184 cogno·

1 3199 2 3206 ’
114 3189 165 3249 vit.
200 3189 262 3248 Nos
275 3189 366 3246 linum
378 3188 548 3246 incidimus:
570 3188 699 3264 legimus„
735 3187 954 3265 Eratscriptum
