2262 3412
133 126 183 180 ιοΙ
330 99 401 175 rso
418 122 448 174 ι.
463 124 619 176 Muesun
636 124 780 177 onarro.

133 245 199 284 nem
215 225 351 297 facerent,
361 225 447 283 Gaias
463 227 565 285 vocari.
601 226 663 283 Iam
680 226 752 284 illud
769 221 843 283 mihi
859 225 976 303 quidem

133 306 238 362 mimm
253 305 342 362 videri
359 305 439 377 solet,
451 312 497 363 tot
513 305 653 378 homiues,
665 312 726 363 tam
742 306 914 383 ingeniosos,
926 326 977 384 per

133 392 179 442 tot
197 404 287 442 annos
307 385 395 443 etiam
413 404 489 442 nunc
510 393 633 444 statuere
653 405 712 443 non
734 387 861 463 potuisse
880 393 977 444 utrum

134 465 231 522 diem
264 465 420 522 tertium
454 485 497 522 an
530 466 786 543 perendinum,
815 467 976 525 iudicem

134 564 176 602 an
207 544 397 616 arbitrum,
422 564 495 603 rem
526 565 567 603 an
599 545 705 604 litem
735 546 793 603 dici
823 553 975 623 oporteret.

133 623 218 681 XIIL
255 631 302 682 28.
324 624 435 703 Itaque,
450 632 484 683 ut
502 625 571 698 dixi,
587 625 714 703 dignitas
733 626 764 682 in
783 626 839 683 ista
859 625 978 684 scientia

135 703 291 762 consularis
312 723 470 782 numquam
490 705 557 776 fuit,
569 725 659 844 quaet
661 712 725 764 tota
744 725 779 764 ex
799 705 884 764 rebus
903 706 978 764 fictis

135 785 401 861 commenticiisque
420 791 571 857 constaret,
588 791 651 862 grat
652 786 680 843 ia
695 805 763 844 vero
782 785 874 843 multo
891 787 978 845 etiam

135 863 238 921 minus.
262 862 348 933 Quod
358 883 434 921 emm
443 864 705 942 ommbuspatete
714 884 803 943 aeque
811 874 978 944 promptum

135 949 179 1000 est
189 943 262 1000 mihi
272 950 301 1000 et
312 943 472 1002 adversario
483 964 557 1016 meo,
566 945 598 1002 id
608 965 669 1003 esse
679 952 792 1022 gratum
802 945 882 1003 nullo
892 953 978 1022 pacto

136 1029 240 1100 potest.
278 1022 380 1101 Itaque
394 1042 453 1081 non
466 1023 556 1082 modo
569 1024 701 1083 beneficii
715 1025 874 1083 collocandi
888 1044 977 1103 spem,

137 1102 187 1160 sed
203 1103 290 1160 etiam
306 1103 379 1161 illud
380 1104 476 1181 ‚quod
493 1104 670 1198 aliquamdiu
686 1105 753 1176 fuit,
766 1124 852 1164 monn
870 1123 979 1164 consu·

137 1201 223 1254 enan,
232 1183 289 1240 iam
298 1148 471 1261 perdidistis.
496 1184 616 1262 Sapiens
625 1185 781 1243 existiman
789 1204 875 1243 nemo
883 1192 980 1262 potest

137 1263 168 1320 in
189 1282 223 1320 ca
238 1263 399 1341 pmdentia,
416 1283 488 1341 quae
508 1284 601 1342 neque
621 1272 670 1323 ext
671 1285 703 1322 ra
658 1265 841 1323 tRomam
858 1284 979 1343 usquam

137 1361 229 1420 neque
239 1343 349 1402 Romae
360 1343 444 1402 rebus
454 1345 574 1422 prolatis
585 1345 741 1422 quidquam
752 1344 835 1403 valet.
866 1344 980 1402 Peritus

137 1423 203 1480 ideo
214 1422 313 1481 haberi
323 1443 409 1481 nemo
423 1431 527 1500 potest,
537 1424 616 1516 quod
629 1425 659 1480 in
671 1443 705 1482 eo
706 1424 802 1501 ,quod
815 1424 910 1482 sciunt
921 1443 980 1482 om-

138 1522 196 1575 nes,
209 1503 287 1560 nullo
301 1503 391 1561 modo
405 1510 527 1580 possunt
540 1504 616 1560 iuter
629 1523 659 1561 se
673 1503 839 1580 discrepare.
871 1503 980 1562 Diffici-

137 1582 172 1642 lis
189 1590 285 1641 autem
302 1583 426 1641 resideo
443 1603 502 1640 non
516 1589 641 1675 putatur,
651 1583 730 1661 quod
743 1592 772 1640 et
785 1584 935 1660 perpaucis
951 1592 980 1642 et

137 1663 257 1721 minime
274 1662 401 1721 obscuris
417 1662 520 1721 litteris
537 1662 707 1720 continetur.
749 1661 888 1740 Itaque
867 1681 891 1720 ιι
907 1663 980 1720 mihi

138 1741 251 1801 homini
266 1743 450 1801 vehementer
468 1749 608 1819 occupato
627 1741 806 1800 stomachum
824 1743 979 1815 moveritis,

137 1823 235 1881 triduo
251 1843 298 1880 me
314 1823 384 1880 iuris
400 1821 563 1879 consultum
582 1841 643 1879 esse
658 1820 821 1899 profitebor.
863 1787 980 1880 lltenini

139 1921 210 1980 quae
230 1903 266 1960 de
285 1903 391 1979 scripto
410 1909 542 1979 aguntur,
558 1902 664 1979 scripta
682 1908 749 1959 sunt
767 1901 872 1972 omnia.
887 1921 980 1980 neque

138 1990 235 2041 tamen
249 1983 406 2075 quidquam
420 1988 481 2039 tam
497 1988 618 2058 anguste
635 1981 773 2059 scriptum
787 1989 909 2059 estque
926 2001 980 2060 ego

138 2082 197 2120 non
211 2063 337 2140 possim:
358 2079 426 2126 eun
434 2081 474 2118 nn
489 2081 528 2119 an
543 2081 664 2132 senua,
675 2061 786 2120 addere.
821 2061 901 2130 Quae
915 2081 981 2120 con·

139 2142 270 2200 suluntur
288 2148 392 2214 autem,
408 2141 530 2199 minimo
546 2141 673 2219 periculo
691 2141 906 2220 respondentur.
949 2141 980 2199 Si

139 2222 178 2294 id,
191 2222 269 2300 quod
290 2228 413 2300 oportet,
430 2222 619 2301 responderis,
634 2221 712 2279 idem
733 2221 846 2279 videare
866 2240 981 2299 respon·

140 2303 222 2374 disse,
231 2302 310 2380 quod
320 2301 448 2361 Servius:
466 2303 510 2359 sin
519 2302 609 2372 aliter,
617 2301 705 2359 etiam
713 2308 927 2373 controversum
935 2302 980 2359 ius

140 2401 223 2440 nosse
241 2389 271 2440 et
288 2389 410 2440 tractare
428 2383 548 2441 videare.
592 2387 638 2439 29.
662 2380 843 2458 Quapropter
859 2400 919 2439 non
937 2401 981 2438 so·

140 2462 199 2520 lum
210 2461 258 2520 illa
271 2462 363 2539 gloria
374 2463 507 2520 militaris
518 2461 618 2520 vestris
629 2460 761 2519 formulis
775 2468 860 2538 atque
874 2461 981 2518 actiou-

140 2541 204 2600 ibus
217 2543 418 2619 anteponenda
432 2549 482 2614 est,
492 2561 591 2600 verum
605 2542 700 2600 etiam
703 2540 818 2598 dicendi
832 2548 981 2599 consuetu·

140 2622 179 2679 do
195 2621 281 2700 louge
297 2628 327 2680 et
343 2622 416 2681 mult
403 2628 466 2681 tum
481 2622 529 2680 isti
543 2629 651 2680 vestrae
668 2620 864 2678 exercitationi
880 2620 918 2678 ad
930 2619 981 2677 ho

140 2720 239 2759 norem
266 2703 423 2760 antecellet.
465 2701 567 2781 Itaque
593 2701 666 2759 mihi
694 2701 827 2758 videntur
853 2700 981 2777 plerique

140 2781 194 2839 init
193 2782 225 2839 io
182 2782 334 2840 tmulto
350 2781 406 2840 hoc
421 2781 554 2840 maluisse
555 2790 649 2859 ‚post
662 2799 726 2840 cum
742 2781 774 2839 id
790 2779 917 2858 adsequi
921 2799 980 2836 non

140 2862 330 2952 potuisseut'
322 2869 359 2919 ιιι
358 2881 395 2919 uc
409 2862 592 2938 potissimum
607 2868 675 2920 sunt
688 2861 804 2939 delapsi.
842 2859 888 2919 Ut
901 2859 982 2917 aiunt

140 2941 171 2997 in
182 2941 297 3000 Graecis
307 2940 462 2999 artificibus
476 2961 525 2999 eos
535 2941 671 3000 auloedos
685 2961 752 3012 esse,
764 2961 813 3018 qur
804 2939 981 3000 citharoedi

141 3020 202 3079 fieri
218 3040 277 3079 non
292 3023 448 3098 potuerint,
464 3021 504 3078 sic
519 3040 579 3079 non
595 3020 688 3080 nullos
704 2986 842 3092 videmus,
856 3020 904 3098 qui
920 3035 982 3077 ora-

141 3106 218 3158 tores
242 3100 360 3158 evadere
380 3120 439 3158 non
459 3101 614 3178 potuerint,
632 3120 682 3159 eos
702 3101 767 3158 ad'
758 3102 829 3158 ruris
853 3100 981 3159 studium

142 3177 281 3238 devenire
323 3179 446 3255 Magnus
461 3180 575 3238 dicendi
592 3180 680 3253 labor,
691 3199 797 3258 magna
812 3199 864 3252 res,
876 3198 982 3257 magna
