<?xml version="1.0" encoding="UTF-8"?>
<!DOCTYPE html PUBLIC "-//W3C//DTD XHTML 1.0 Transitional//EN"
    "http://www.w3.org/TR/xhtml1/DTD/xhtml1-transitional.dtd">
<html xmlns="http://www.w3.org/1999/xhtml" xml:lang="en" lang="en">
 <head>
  <title>
</title>
<meta http-equiv="Content-Type" content="text/html;charset=utf-8" />
  <meta name='ocr-system' content='tesseract 3.04.00' />
  <meta name='ocr-capabilities' content='ocr_page ocr_carea ocr_par ocr_line ocrx_word'/>
</head>
<body>
  <div class='ocr_page' id='page_1' title='image "./mtulliiciceroni99cicegoog/mtulliiciceroni99cicegoog_0023.png"; bbox 0 0 2262 3412; ppageno 0'>
   <div class='ocr_carea' id='block_1_1' title="bbox 397 106 1009 173">
    <p class='ocr_par' dir='ltr' id='par_1_1' title="bbox 397 106 1009 173">
     <span class='ocr_line' id='line_1_1' title="bbox 397 106 1009 173; baseline 0.002 -12"><span class='ocrx_word' id='word_1_1' title='bbox 397 108 475 161; x_wconf 83' lang='lat' dir='ltr'>CAP.</span> <span class='ocrx_word' id='word_1_2' title='bbox 491 107 552 172; x_wconf 84' lang='lat' dir='ltr'>XL,</span> <span class='ocrx_word' id='word_1_3' title='bbox 567 107 642 173; x_wconf 80' lang='lat' dir='ltr'>XII,</span> <span class='ocrx_word' id='word_1_4' title='bbox 657 106 673 170; x_wconf 68' lang='grc'>5</span> <span class='ocrx_word' id='word_1_5' title='bbox 686 109 777 161; x_wconf 81' lang='grc'><strong>30-35.</strong></span> <span class='ocrx_word' id='word_1_6' title='bbox 890 109 895 118; x_wconf 89' lang='grc'><em>’</em></span> <span class='ocrx_word' id='word_1_7' title='bbox 976 112 1009 162; x_wconf 67' lang='grc'>13</span> 
     </span>
    </p>
   </div>
   <div class='ocr_carea' id='block_1_2' title="bbox 167 209 1023 532">
    <p class='ocr_par' dir='ltr' id='par_1_2' title="bbox 167 209 1023 532">
     <span class='ocr_line' id='line_1_2' title="bbox 167 209 1009 291; baseline -0.002 -18"><span class='ocrx_word' id='word_1_8' title='bbox 167 215 257 274; x_wconf 87' lang='lat' dir='ltr'>ritum</span> <span class='ocrx_word' id='word_1_9' title='bbox 277 213 390 284; x_wconf 91' lang='lat' dir='ltr'>ducitis,</span> <span class='ocrx_word' id='word_1_10' title='bbox 405 213 436 271; x_wconf 93' lang='lat' dir='ltr'>in</span> <span class='ocrx_word' id='word_1_11' title='bbox 452 211 629 291; x_wconf 85' lang='lat' dir='ltr'>praedonmn</span> <span class='ocrx_word' id='word_1_12' title='bbox 646 209 734 270; x_wconf 78' lang='lat' dir='ltr'>fuisse</span> <span class='ocrx_word' id='word_1_13' title='bbox 751 217 924 290; x_wconf 83' lang='lat' dir='ltr'>potestatem</span> <span class='ocrx_word' id='word_1_14' title='bbox 941 214 1009 272; x_wconf 88' lang='lat' dir='ltr'>scia·</span> 
     </span>
     <span class='ocr_line' id='line_1_3' title="bbox 168 291 1008 370; baseline -0.002 -17"><span class='ocrx_word' id='word_1_15' title='bbox 168 296 224 354; x_wconf 85' lang='lat' dir='ltr'>tisl</span> <span class='ocrx_word' id='word_1_16' title='bbox 265 293 314 350; x_wconf 87' lang='lat' dir='ltr'>An</span> <span class='ocrx_word' id='word_1_17' title='bbox 337 312 404 351; x_wconf 92' lang='lat' dir='ltr'>vero</span> <span class='ocrx_word' id='word_1_18' title='bbox 425 292 563 370; x_wconf 86' lang='lat' dir='ltr'>ignoratis</span> <span class='ocrx_word' id='word_1_19' title='bbox 587 299 704 368; x_wconf 88' lang='lat' dir='ltr'>portum</span> <span class='ocrx_word' id='word_1_20' title='bbox 725 291 840 350; x_wconf 81' lang='lat' dir='ltr'>Caietae</span> <span class='ocrx_word' id='word_1_21' title='bbox 864 292 1008 351; x_wconf 80' lang='lat' dir='ltr'>celeberri-</span> 
     </span>
     <span class='ocr_line' id='line_1_4' title="bbox 167 372 1008 450; baseline -0.004 -17"><span class='ocrx_word' id='word_1_22' title='bbox 167 394 248 433; x_wconf 91' lang='lat' dir='ltr'>mum</span> <span class='ocrx_word' id='word_1_23' title='bbox 265 393 297 432; x_wconf 85' lang='lat' dir='ltr'>ac</span> <span class='ocrx_word' id='word_1_24' title='bbox 311 373 509 450; x_wconf 91' lang='lat' dir='ltr'>plenissimum</span> <span class='ocrx_word' id='word_1_25' title='bbox 526 372 642 428; x_wconf 83' lang='lat' dir='ltr'>navium</span> <span class='ocrx_word' id='word_1_26' title='bbox 656 372 834 448; x_wconf 77' lang='lat' dir='ltr'>inspectante</span> <span class='ocrx_word' id='word_1_27' title='bbox 848 379 977 449; x_wconf 86' lang='lat' dir='ltr'>praetore</span> <span class='ocrx_word' id='word_1_28' title='bbox 991 393 1008 431; x_wconf 88' lang='lat' dir='ltr'>a</span> 
     </span>
     <span class='ocr_line' id='line_1_5' title="bbox 168 451 1023 532; baseline -0.004 -19"><span class='ocrx_word' id='word_1_29' title='bbox 168 453 360 532; x_wconf 89' lang='lat' dir='ltr'>praedonibus</span> <span class='ocrx_word' id='word_1_30' title='bbox 374 471 434 509; x_wconf 90' lang='lat' dir='ltr'>esse</span> <span class='ocrx_word' id='word_1_31' title='bbox 449 451 612 528; x_wconf 64' lang='lat' dir='ltr'>direptum?</span> <span class='ocrx_word' id='word_1_32' title='bbox 652 451 696 509; x_wconf 84' lang='lat' dir='ltr'>Ex</span> <span class='ocrx_word' id='word_1_33' title='bbox 711 451 821 508; x_wconf 89' lang='lat' dir='ltr'>Miseno</span> <span class='ocrx_word' id='word_1_34' title='bbox 836 459 931 509; x_wconf 89' lang='lat' dir='ltr'>autem</span> <span class='ocrx_word' id='word_1_35' title='bbox 947 453 1023 510; x_wconf 86' lang='lat' dir='ltr'>eius</span> 
     </span>
    </p>
   </div>
   <div class='ocr_carea' id='block_1_3' title="bbox 65 527 1007 612">
    <p class='ocr_par' dir='ltr' id='par_1_3' title="bbox 65 527 1007 612">
     <span class='ocr_line' id='line_1_6' title="bbox 65 527 1007 612; baseline -0.002 -21"><span class='ocrx_word' id='word_1_36' title='bbox 65 557 66 562; x_wconf 47' lang='lat'>¹</span> <span class='ocrx_word' id='word_1_37' title='bbox 167 535 257 612; x_wconf 92' lang='lat' dir='ltr'>ipsius</span> <span class='ocrx_word' id='word_1_38' title='bbox 270 533 382 603; x_wconf 89' lang='lat' dir='ltr'>liberos,</span> <span class='ocrx_word' id='word_1_39' title='bbox 396 527 445 608; x_wconf 91' lang='lat' dir='ltr'>qui</span> <span class='ocrx_word' id='word_1_40' title='bbox 461 550 527 588; x_wconf 92' lang='lat' dir='ltr'>cum</span> <span class='ocrx_word' id='word_1_41' title='bbox 541 530 733 606; x_wconf 84' lang='lat' dir='ltr'>praedonibus</span> <span class='ocrx_word' id='word_1_42' title='bbox 750 537 833 588; x_wconf 88' lang='lat' dir='ltr'>antea</span> <span class='ocrx_word' id='word_1_43' title='bbox 845 531 887 588; x_wconf 91' lang='lat' dir='ltr'>ibi</span> <span class='ocrx_word' id='word_1_44' title='bbox 900 531 1007 589; x_wconf 91' lang='lat' dir='ltr'>bellum</span> 
     </span>
    </p>
   </div>
   <div class='ocr_carea' id='block_1_4' title="bbox 166 609 1052 1808">
    <p class='ocr_par' dir='ltr' id='par_1_4' title="bbox 166 609 1052 1808">
     <span class='ocr_line' id='line_1_7' title="bbox 167 609 1008 692; baseline -0.004 -20"><span class='ocrx_word' id='word_1_45' title='bbox 167 619 300 692; x_wconf 82' lang='lat' dir='ltr'>gesserat,</span> <span class='ocrx_word' id='word_1_46' title='bbox 318 631 336 670; x_wconf 85' lang='lat' dir='ltr'>a</span> <span class='ocrx_word' id='word_1_47' title='bbox 355 610 547 690; x_wconf 87' lang='lat' dir='ltr'>praedonibus</span> <span class='ocrx_word' id='word_1_48' title='bbox 571 629 631 668; x_wconf 89' lang='lat' dir='ltr'>esse</span> <span class='ocrx_word' id='word_1_49' title='bbox 655 609 800 668; x_wconf 79' lang='lat' dir='ltr'>sublatosl</span> <span class='ocrx_word' id='word_1_50' title='bbox 839 610 1008 688; x_wconf 82' lang='lat' dir='ltr'>Numquid</span> 
     </span>
     <span class='ocr_line' id='line_1_8' title="bbox 168 689 1007 769; baseline -0.002 -18"><span class='ocrx_word' id='word_1_51' title='bbox 168 713 222 769; x_wconf 85' lang='lat' dir='ltr'>ego</span> <span class='ocrx_word' id='word_1_52' title='bbox 237 693 368 752; x_wconf 84' lang='lat' dir='ltr'>Ostiense</span> <span class='ocrx_word' id='word_1_53' title='bbox 385 689 602 748; x_wconf 91' lang='lat' dir='ltr'>incommodum</span> <span class='ocrx_word' id='word_1_54' title='bbox 619 695 704 768; x_wconf 87' lang='lat' dir='ltr'>atque</span> <span class='ocrx_word' id='word_1_55' title='bbox 718 689 796 747; x_wconf 90' lang='lat' dir='ltr'>illam</span> <span class='ocrx_word' id='word_1_56' title='bbox 810 689 904 748; x_wconf 91' lang='lat' dir='ltr'>labem</span> <span class='ocrx_word' id='word_1_57' title='bbox 921 698 1007 768; x_wconf 90' lang='lat' dir='ltr'>atque</span> 
     </span>
     <span class='ocr_line' id='line_1_9' title="bbox 167 770 1008 849; baseline -0.004 -18"><span class='ocrx_word' id='word_1_58' title='bbox 167 772 357 849; x_wconf 77' lang='lat' dir='ltr'>ignominiam</span> <span class='ocrx_word' id='word_1_59' title='bbox 375 771 416 828; x_wconf 93' lang='lat' dir='ltr'>rei</span> <span class='ocrx_word' id='word_1_60' title='bbox 434 770 564 847; x_wconf 90' lang='lat' dir='ltr'>publicae</span> <span class='ocrx_word' id='word_1_61' title='bbox 582 777 689 846; x_wconf 87' lang='lat' dir='ltr'>querar,</span> <span class='ocrx_word' id='word_1_62' title='bbox 705 787 772 827; x_wconf 90' lang='lat' dir='ltr'>cum</span> <span class='ocrx_word' id='word_1_63' title='bbox 790 789 881 847; x_wconf 89' lang='lat' dir='ltr'>prope</span> <span class='ocrx_word' id='word_1_64' title='bbox 899 770 1008 848; x_wconf 88' lang='lat' dir='ltr'>inspec-</span> 
     </span>
     <span class='ocr_line' id='line_1_10' title="bbox 167 849 1006 926; baseline -0.002 -16"><span class='ocrx_word' id='word_1_65' title='bbox 167 852 295 910; x_wconf 86' lang='lat' dir='ltr'>tantibus</span> <span class='ocrx_word' id='word_1_66' title='bbox 311 851 393 909; x_wconf 89' lang='lat' dir='ltr'>vobis</span> <span class='ocrx_word' id='word_1_67' title='bbox 410 851 505 908; x_wconf 87' lang='lat' dir='ltr'>classis</span> <span class='ocrx_word' id='word_1_68' title='bbox 526 868 567 920; x_wconf 87' lang='lat' dir='ltr'>ea,</span> <span class='ocrx_word' id='word_1_69' title='bbox 582 849 629 906; x_wconf 92' lang='lat' dir='ltr'>cui</span> <span class='ocrx_word' id='word_1_70' title='bbox 650 849 749 906; x_wconf 92' lang='lat' dir='ltr'>consul</span> <span class='ocrx_word' id='word_1_71' title='bbox 765 849 866 926; x_wconf 93' lang='lat' dir='ltr'>populi</span> <span class='ocrx_word' id='word_1_72' title='bbox 882 849 1006 908; x_wconf 85' lang='lat' dir='ltr'>Romani</span> 
     </span>
     <span class='ocr_line' id='line_1_11' title="bbox 167 929 1008 1010; baseline -0.004 -20"><span class='ocrx_word' id='word_1_73' title='bbox 167 932 346 1010; x_wconf 81' lang='lat' dir='ltr'>praepositus</span> <span class='ocrx_word' id='word_1_74' title='bbox 357 937 438 1002; x_wconf 90' lang='lat' dir='ltr'>esset,</span> <span class='ocrx_word' id='word_1_75' title='bbox 448 949 466 987; x_wconf 83' lang='lat' dir='ltr'>a</span> <span class='ocrx_word' id='word_1_76' title='bbox 475 929 668 1006; x_wconf 88' lang='lat' dir='ltr'>praedonibus</span> <span class='ocrx_word' id='word_1_77' title='bbox 678 937 762 1007; x_wconf 87' lang='lat' dir='ltr'>capta</span> <span class='ocrx_word' id='word_1_78' title='bbox 771 936 858 1007; x_wconf 88' lang='lat' dir='ltr'>atque</span> <span class='ocrx_word' id='word_1_79' title='bbox 872 949 1008 1006; x_wconf 89' lang='lat' dir='ltr'>oppressa</span> 
     </span>
     <span class='ocr_line' id='line_1_12' title="bbox 167 1008 1006 1069; baseline -0.004 0"><span class='ocrx_word' id='word_1_80' title='bbox 167 1013 229 1069; x_wconf 80' lang='lat' dir='ltr'>estl</span> <span class='ocrx_word' id='word_1_81' title='bbox 269 1011 327 1068; x_wconf 90' lang='lat' dir='ltr'>Pro</span> <span class='ocrx_word' id='word_1_82' title='bbox 344 1011 375 1068; x_wconf 93' lang='lat' dir='ltr'>di</span> <span class='ocrx_word' id='word_1_83' title='bbox 392 1009 585 1068; x_wconf 77' lang='lat' dir='ltr'>immortales!</span> <span class='ocrx_word' id='word_1_84' title='bbox 607 1015 755 1066; x_wconf 84' lang='lat' dir='ltr'>tantamne</span> <span class='ocrx_word' id='word_1_85' title='bbox 775 1009 860 1066; x_wconf 89' lang='lat' dir='ltr'>unius</span> <span class='ocrx_word' id='word_1_86' title='bbox 880 1008 1006 1067; x_wconf 89' lang='lat' dir='ltr'>hominis</span> 
     </span>
     <span class='ocr_line' id='line_1_13' title="bbox 166 1083 1006 1166; baseline -0.004 -17"><span class='ocrx_word' id='word_1_87' title='bbox 166 1083 341 1149; x_wconf 90' lang='lat' dir='ltr'>incredibilis</span> <span class='ocrx_word' id='word_1_88' title='bbox 355 1111 387 1148; x_wconf 86' lang='lat' dir='ltr'>ac</span> <span class='ocrx_word' id='word_1_89' title='bbox 398 1090 499 1147; x_wconf 86' lang='lat' dir='ltr'>divina·</span> <span class='ocrx_word' id='word_1_90' title='bbox 505 1091 595 1147; x_wconf 90' lang='lat' dir='ltr'>virtus</span> <span class='ocrx_word' id='word_1_91' title='bbox 608 1095 668 1146; x_wconf 89' lang='lat' dir='ltr'>tarn</span> <span class='ocrx_word' id='word_1_92' title='bbox 679 1088 758 1146; x_wconf 90' lang='lat' dir='ltr'>brevi</span> <span class='ocrx_word' id='word_1_93' title='bbox 768 1095 899 1166; x_wconf 90' lang='lat' dir='ltr'>tempore</span> <span class='ocrx_word' id='word_1_94' title='bbox 913 1089 1006 1146; x_wconf 89' lang='lat' dir='ltr'>lucem</span> 
     </span>
     <span class='ocr_line' id='line_1_14' title="bbox 167 1168 1007 1248; baseline -0.002 -20"><span class='ocrx_word' id='word_1_95' title='bbox 167 1171 278 1228; x_wconf 80' lang='lat' dir='ltr'>adferre</span> <span class='ocrx_word' id='word_1_96' title='bbox 299 1171 340 1228; x_wconf 93' lang='lat' dir='ltr'>rei</span> <span class='ocrx_word' id='word_1_97' title='bbox 360 1169 490 1248; x_wconf 88' lang='lat' dir='ltr'>publicae</span> <span class='ocrx_word' id='word_1_98' title='bbox 511 1169 616 1247; x_wconf 89' lang='lat' dir='ltr'>potuit,</span> <span class='ocrx_word' id='word_1_99' title='bbox 631 1174 665 1226; x_wconf 90' lang='lat' dir='ltr'>ut</span> <span class='ocrx_word' id='word_1_100' title='bbox 684 1187 744 1238; x_wconf 87' lang='lat' dir='ltr'>vos,</span> <span class='ocrx_word' id='word_1_101' title='bbox 760 1169 810 1244; x_wconf 90' lang='lat' dir='ltr'>qui</span> <span class='ocrx_word' id='word_1_102' title='bbox 830 1168 918 1225; x_wconf 88' lang='lat' dir='ltr'>modo</span> <span class='ocrx_word' id='word_1_103' title='bbox 939 1175 1007 1226; x_wconf 87' lang='lat' dir='ltr'>ante</span> 
     </span>
     <span class='ocr_line' id='line_1_15' title="bbox 168 1247 1006 1319; baseline -0.002 -11"><span class='ocrx_word' id='word_1_104' title='bbox 168 1251 274 1309; x_wconf 89' lang='lat' dir='ltr'>ostium</span> <span class='ocrx_word' id='word_1_105' title='bbox 284 1251 452 1309; x_wconf 85' lang='lat' dir='ltr'>Tiberinum</span> <span class='ocrx_word' id='word_1_106' title='bbox 466 1249 583 1306; x_wconf 82' lang='lat' dir='ltr'>classem</span> <span class='ocrx_word' id='word_1_107' title='bbox 597 1248 724 1306; x_wconf 87' lang='lat' dir='ltr'>hostium</span> <span class='ocrx_word' id='word_1_108' title='bbox 736 1247 883 1319; x_wconf 86' lang='lat' dir='ltr'>videbatis,</span> <span class='ocrx_word' id='word_1_109' title='bbox 895 1248 916 1304; x_wconf 92' lang='lat' dir='ltr'>ii</span> <span class='ocrx_word' id='word_1_110' title='bbox 930 1267 1006 1306; x_wconf 90' lang='lat' dir='ltr'>nunc</span> 
     </span>
     <span class='ocr_line' id='line_1_16' title="bbox 166 1328 1006 1406; baseline -0.001 -19"><span class='ocrx_word' id='word_1_111' title='bbox 166 1330 274 1388; x_wconf 88' lang='lat' dir='ltr'>nullam</span> <span class='ocrx_word' id='word_1_112' title='bbox 290 1331 367 1388; x_wconf 90' lang='lat' dir='ltr'>intra</span> <span class='ocrx_word' id='word_1_113' title='bbox 382 1329 489 1389; x_wconf 84' lang='lat' dir='ltr'>Oceani</span> <span class='ocrx_word' id='word_1_114' title='bbox 506 1329 613 1386; x_wconf 89' lang='lat' dir='ltr'>ostium</span> <span class='ocrx_word' id='word_1_115' title='bbox 629 1328 807 1406; x_wconf 88' lang='lat' dir='ltr'>praedonum</span> <span class='ocrx_word' id='word_1_116' title='bbox 824 1345 925 1384; x_wconf 87' lang='lat' dir='ltr'>navem</span> <span class='ocrx_word' id='word_1_117' title='bbox 946 1347 1006 1386; x_wconf 89' lang='lat' dir='ltr'>esse</span> 
     </span>
     <span class='ocr_line' id='line_1_17' title="bbox 167 1407 1007 1486; baseline -0.004 -18"><span class='ocrx_word' id='word_1_118' title='bbox 167 1410 308 1468; x_wconf 70' lang='lat' dir='ltr'>audiatis?</span> <span class='ocrx_word' id='word_1_119' title='bbox 349 1413 395 1468; x_wconf 77' lang='grc'>34.</span> <span class='ocrx_word' id='word_1_120' title='bbox 413 1408 511 1486; x_wconf 85' lang='lat' dir='ltr'>Atque</span> <span class='ocrx_word' id='word_1_121' title='bbox 529 1408 599 1466; x_wconf 91' lang='lat' dir='ltr'>haec</span> <span class='ocrx_word' id='word_1_122' title='bbox 616 1427 673 1486; x_wconf 88' lang='lat' dir='ltr'>qua</span> <span class='ocrx_word' id='word_1_123' title='bbox 689 1407 831 1466; x_wconf 89' lang='lat' dir='ltr'>celeritate</span> <span class='ocrx_word' id='word_1_124' title='bbox 847 1414 928 1484; x_wconf 84' lang='lat' dir='ltr'>gesta</span> <span class='ocrx_word' id='word_1_125' title='bbox 948 1407 1007 1465; x_wconf 88' lang='lat' dir='ltr'>sint</span> 
     </span>
     <span class='ocr_line' id='line_1_18' title="bbox 168 1487 1007 1569; baseline -0.005 -21"><span class='ocrx_word' id='word_1_126' title='bbox 168 1510 341 1569; x_wconf 82' lang='lat' dir='ltr'>quamquam</span> <span class='ocrx_word' id='word_1_127' title='bbox 359 1489 470 1561; x_wconf 89' lang='lat' dir='ltr'>videtis,</span> <span class='ocrx_word' id='word_1_128' title='bbox 485 1495 582 1546; x_wconf 84' lang='lat' dir='ltr'>tamen</span> <span class='ocrx_word' id='word_1_129' title='bbox 603 1508 621 1545; x_wconf 85' lang='lat' dir='ltr'>a</span> <span class='ocrx_word' id='word_1_130' title='bbox 640 1507 687 1546; x_wconf 93' lang='lat' dir='ltr'>me</span> <span class='ocrx_word' id='word_1_131' title='bbox 705 1488 735 1544; x_wconf 89' lang='lat' dir='ltr'>in</span> <span class='ocrx_word' id='word_1_132' title='bbox 757 1487 879 1546; x_wconf 89' lang='lat' dir='ltr'>dicendo</span> <span class='ocrx_word' id='word_1_133' title='bbox 898 1493 1007 1564; x_wconf 90' lang='lat' dir='ltr'>praete-</span> 
     </span>
     <span class='ocr_line' id='line_1_19' title="bbox 166 1566 1017 1645; baseline -0.006 -17"><span class='ocrx_word' id='word_1_134' title='bbox 166 1571 275 1628; x_wconf 84' lang='lat' dir='ltr'>reunda</span> <span class='ocrx_word' id='word_1_135' title='bbox 292 1589 350 1627; x_wconf 89' lang='lat' dir='ltr'>non</span> <span class='ocrx_word' id='word_1_136' title='bbox 368 1574 441 1626; x_wconf 91' lang='lat' dir='ltr'>sunt.</span> <span class='ocrx_word' id='word_1_137' title='bbox 484 1567 555 1637; x_wconf 78' lang='lat' dir='ltr'>Quis</span> <span class='ocrx_word' id='word_1_138' title='bbox 572 1568 647 1626; x_wconf 92' lang='lat' dir='ltr'>enim</span> <span class='ocrx_word' id='word_1_139' title='bbox 665 1587 802 1645; x_wconf 88' lang='lat' dir='ltr'>umquam</span> <span class='ocrx_word' id='word_1_140' title='bbox 816 1566 1017 1641; x_wconf 39' lang='lat' dir='ltr'>eutffobeundi¹</span> 
     </span>
     <span class='ocr_line' id='line_1_20' title="bbox 167 1647 1005 1726; baseline -0.004 -19"><span class='ocrx_word' id='word_1_141' title='bbox 167 1650 276 1726; x_wconf 84' lang='lat' dir='ltr'>negotii</span> <span class='ocrx_word' id='word_1_142' title='bbox 292 1656 343 1706; x_wconf 88' lang='lat' dir='ltr'>aut</span> <span class='ocrx_word' id='word_1_143' title='bbox 363 1648 556 1726; x_wconf 86' lang='lat' dir='ltr'>consequendi</span> <span class='ocrx_word' id='word_1_144' title='bbox 577 1655 710 1724; x_wconf 86' lang='lat' dir='ltr'>quaestus</span> <span class='ocrx_word' id='word_1_145' title='bbox 730 1647 826 1705; x_wconf 88' lang='lat' dir='ltr'>studio</span> <span class='ocrx_word' id='word_1_146' title='bbox 847 1653 907 1704; x_wconf 87' lang='lat' dir='ltr'>tam</span> <span class='ocrx_word' id='word_1_147' title='bbox 926 1647 1005 1704; x_wconf 87' lang='lat' dir='ltr'>brevi</span> 
     </span>
     <span class='ocr_line' id='line_1_21' title="bbox 166 1726 1052 1808; baseline -0.003 -21"><span class='ocrx_word' id='word_1_148' title='bbox 166 1736 296 1808; x_wconf 90' lang='lat' dir='ltr'>tempore</span> <span class='ocrx_word' id='word_1_149' title='bbox 306 1735 352 1787; x_wconf 91' lang='lat' dir='ltr'>tot</span> <span class='ocrx_word' id='word_1_150' title='bbox 361 1728 425 1788; x_wconf 87' lang='lat' dir='ltr'>loca</span> <span class='ocrx_word' id='word_1_151' title='bbox 434 1728 520 1800; x_wconf 88' lang='lat' dir='ltr'>adire,</span> <span class='ocrx_word' id='word_1_152' title='bbox 532 1734 737 1786; x_wconf 85' lang='lat' dir='ltr'>tantoscursus</span> <span class='ocrx_word' id='word_1_153' title='bbox 750 1726 888 1785; x_wconf 89' lang='lat' dir='ltr'>conficere</span> <span class='ocrx_word' id='word_1_154' title='bbox 898 1727 1003 1805; x_wconf 86' lang='lat' dir='ltr'>potuit,</span> <span class='ocrx_word' id='word_1_155' title='bbox 1047 1751 1052 1758; x_wconf 95' lang='lat'><strong>·</strong></span> 
     </span>
    </p>
   </div>
   <div class='ocr_carea' id='block_1_5' title="bbox 61 1806 1006 1888">
    <p class='ocr_par' dir='ltr' id='par_1_5' title="bbox 61 1806 1006 1888">
     <span class='ocr_line' id='line_1_22' title="bbox 61 1806 1006 1888; baseline -0.004 -20"><span class='ocrx_word' id='word_1_156' title='bbox 61 1870 65 1876; x_wconf 76' lang='grc'><em>,</em></span> <span class='ocrx_word' id='word_1_157' title='bbox 135 1812 139 1820; x_wconf 87' lang='grc'><strong>’</strong></span> <span class='ocrx_word' id='word_1_158' title='bbox 168 1829 253 1888; x_wconf 91' lang='lat' dir='ltr'>quam</span> <span class='ocrx_word' id='word_1_159' title='bbox 267 1808 395 1867; x_wconf 82' lang='lat' dir='ltr'>celeriter</span> <span class='ocrx_word' id='word_1_160' title='bbox 407 1807 460 1866; x_wconf 91' lang='lat' dir='ltr'>Cn.</span> <span class='ocrx_word' id='word_1_161' title='bbox 470 1807 611 1886; x_wconf 90' lang='lat' dir='ltr'>Pompeio</span> <span class='ocrx_word' id='word_1_162' title='bbox 626 1807 698 1865; x_wconf 90' lang='lat' dir='ltr'>duce</span> <span class='ocrx_word' id='word_1_163' title='bbox 711 1807 785 1865; x_wconf 86' lang='lat' dir='ltr'>tanti</span> <span class='ocrx_word' id='word_1_164' title='bbox 799 1806 866 1864; x_wconf 91' lang='lat' dir='ltr'>belli</span> <span class='ocrx_word' id='word_1_165' title='bbox 880 1807 1006 1885; x_wconf 90' lang='lat' dir='ltr'>impetus</span> 
     </span>
    </p>
   </div>
   <div class='ocr_carea' id='block_1_6' title="bbox 97 1886 1007 3244">
    <p class='ocr_par' dir='ltr' id='par_1_6' title="bbox 97 1886 1007 3244">
     <span class='ocr_line' id='line_1_23' title="bbox 166 1886 1005 1968; baseline -0.002 -22"><span class='ocrx_word' id='word_1_166' title='bbox 166 1889 329 1967; x_wconf 65' lang='lat' dir='ltr'>navigavit?</span> <span class='ocrx_word' id='word_1_167' title='bbox 350 1889 400 1966; x_wconf 94' lang='lat' dir='ltr'>qui</span> <span class='ocrx_word' id='word_1_168' title='bbox 416 1887 545 1945; x_wconf 89' lang='lat' dir='ltr'>nondum</span> <span class='ocrx_word' id='word_1_169' title='bbox 566 1888 737 1964; x_wconf 88' lang='lat' dir='ltr'>tempestivo</span> <span class='ocrx_word' id='word_1_170' title='bbox 758 1887 795 1944; x_wconf 85' lang='lat' dir='ltr'>ad</span> <span class='ocrx_word' id='word_1_171' title='bbox 812 1886 1005 1968; x_wconf 84' lang='lat' dir='ltr'>navigandum</span> 
     </span>
     <span class='ocr_line' id='line_1_24' title="bbox 166 1966 1006 2044; baseline -0.001 -18"><span class='ocrx_word' id='word_1_172' title='bbox 166 1969 238 2026; x_wconf 90' lang='lat' dir='ltr'>mari</span> <span class='ocrx_word' id='word_1_173' title='bbox 255 1969 382 2028; x_wconf 83' lang='lat' dir='ltr'>Siciliam</span> <span class='ocrx_word' id='word_1_174' title='bbox 399 1968 478 2039; x_wconf 88' lang='lat' dir='ltr'>adiit,</span> <span class='ocrx_word' id='word_1_175' title='bbox 493 1967 625 2025; x_wconf 79' lang='lat' dir='ltr'>Africam</span> <span class='ocrx_word' id='word_1_176' title='bbox 646 1966 811 2044; x_wconf 71' lang='lat' dir='ltr'>exploravit</span> <span class='ocrx_word' id='word_1_177' title='bbox 826 1967 894 2024; x_wconf 89' lang='lat' dir='ltr'>iude</span> <span class='ocrx_word' id='word_1_178' title='bbox 911 1967 1006 2025; x_wconf 82' lang='lat' dir='ltr'>Sardi·</span> 
     </span>
     <span class='ocr_line' id='line_1_25' title="bbox 166 2047 1006 2124; baseline 0 -19"><span class='ocrx_word' id='word_1_179' title='bbox 166 2049 244 2106; x_wconf 85' lang='lat' dir='ltr'>niam</span> <span class='ocrx_word' id='word_1_180' title='bbox 266 2068 332 2107; x_wconf 90' lang='lat' dir='ltr'>cnm</span> <span class='ocrx_word' id='word_1_181' title='bbox 352 2049 439 2106; x_wconf 90' lang='lat' dir='ltr'>classe</span> <span class='ocrx_word' id='word_1_182' title='bbox 455 2047 534 2105; x_wconf 89' lang='lat' dir='ltr'>venit</span> <span class='ocrx_word' id='word_1_183' title='bbox 555 2054 640 2124; x_wconf 90' lang='lat' dir='ltr'>atque</span> <span class='ocrx_word' id='word_1_184' title='bbox 661 2047 730 2104; x_wconf 86' lang='lat' dir='ltr'>haec</span> <span class='ocrx_word' id='word_1_185' title='bbox 747 2047 802 2104; x_wconf 86' lang='lat' dir='ltr'>tria</span> <span class='ocrx_word' id='word_1_186' title='bbox 815 2047 1006 2105; x_wconf 67' lang='lat' dir='ltr'>immentaria</span> 
     </span>
     <span class='ocr_line' id='line_1_26' title="bbox 167 2126 1006 2206; baseline 0 -21"><span class='ocrx_word' id='word_1_187' title='bbox 167 2127 294 2186; x_wconf 86' lang='lat' dir='ltr'>subsidia</span> <span class='ocrx_word' id='word_1_188' title='bbox 305 2128 347 2186; x_wconf 92' lang='lat' dir='ltr'>rei</span> <span class='ocrx_word' id='word_1_189' title='bbox 363 2127 493 2206; x_wconf 86' lang='lat' dir='ltr'>publicae</span> <span class='ocrx_word' id='word_1_190' title='bbox 508 2126 677 2184; x_wconf 89' lang='lat' dir='ltr'>firmissimis</span> <span class='ocrx_word' id='word_1_191' title='bbox 693 2127 843 2204; x_wconf 88' lang='lat' dir='ltr'>praesidiis</span> <span class='ocrx_word' id='word_1_192' title='bbox 859 2127 1006 2185; x_wconf 84' lang='lat' dir='ltr'>classibus-</span> 
     </span>
     <span class='ocr_line' id='line_1_27' title="bbox 97 2206 1004 2285; baseline 0 -20"><span class='ocrx_word' id='word_1_193' title='bbox 97 2217 101 2228; x_wconf 90' lang='grc'><strong>’</strong></span> <span class='ocrx_word' id='word_1_194' title='bbox 167 2227 222 2284; x_wconf 92' lang='lat' dir='ltr'>que</span> <span class='ocrx_word' id='word_1_195' title='bbox 235 2207 367 2266; x_wconf 90' lang='lat' dir='ltr'>munivit.</span> <span class='ocrx_word' id='word_1_196' title='bbox 404 2207 534 2265; x_wconf 70' lang='lat' dir='ltr'>35:1nde</span> <span class='ocrx_word' id='word_1_197' title='bbox 549 2227 614 2264; x_wconf 90' lang='lat' dir='ltr'>cnm</span> <span class='ocrx_word' id='word_1_198' title='bbox 629 2227 658 2265; x_wconf 90' lang='lat' dir='ltr'>se</span> <span class='ocrx_word' id='word_1_199' title='bbox 671 2207 702 2265; x_wconf 91' lang='lat' dir='ltr'>in</span> <span class='ocrx_word' id='word_1_200' title='bbox 716 2206 828 2264; x_wconf 88' lang='lat' dir='ltr'>Italiam</span> <span class='ocrx_word' id='word_1_201' title='bbox 843 2207 1004 2285; x_wconf 85' lang='lat' dir='ltr'>recepisset,</span> 
     </span>
     <span class='ocr_line' id='line_1_28' title="bbox 167 2285 1005 2365; baseline 0 -20"><span class='ocrx_word' id='word_1_202' title='bbox 167 2287 277 2362; x_wconf 79' lang='lat' dir='ltr'>duabus</span> <span class='ocrx_word' id='word_1_203' title='bbox 293 2286 443 2364; x_wconf 86' lang='lat' dir='ltr'>Hispaniis</span> <span class='ocrx_word' id='word_1_204' title='bbox 457 2293 487 2346; x_wconf 81' lang='lat' dir='ltr'>et</span> <span class='ocrx_word' id='word_1_205' title='bbox 502 2287 595 2350; x_wconf 82' lang='lat' dir='ltr'>Gallia</span> <span class='ocrx_word' id='word_1_206' title='bbox 607 2287 794 2365; x_wconf 87' lang='lat' dir='ltr'>Transalpina</span> <span class='ocrx_word' id='word_1_207' title='bbox 807 2285 956 2365; x_wconf 87' lang='lat' dir='ltr'>praesidiis</span> <span class='ocrx_word' id='word_1_208' title='bbox 972 2307 1005 2345; x_wconf 89' lang='lat' dir='ltr'>ac</span> 
     </span>
     <span class='ocr_line' id='line_1_29' title="bbox 167 2365 1007 2444; baseline 0 -20"><span class='ocrx_word' id='word_1_209' title='bbox 167 2367 285 2424; x_wconf 86' lang='lat' dir='ltr'>navibus</span> <span class='ocrx_word' id='word_1_210' title='bbox 299 2366 473 2438; x_wconf 87' lang='lat' dir='ltr'>confirmata,</span> <span class='ocrx_word' id='word_1_211' title='bbox 483 2367 577 2424; x_wconf 90' lang='lat' dir='ltr'>missis</span> <span class='ocrx_word' id='word_1_212' title='bbox 588 2367 658 2424; x_wconf 91' lang='lat' dir='ltr'>item</span> <span class='ocrx_word' id='word_1_213' title='bbox 669 2366 699 2423; x_wconf 92' lang='lat' dir='ltr'>in</span> <span class='ocrx_word' id='word_1_214' title='bbox 711 2385 790 2424; x_wconf 89' lang='lat' dir='ltr'>oram</span> <span class='ocrx_word' id='word_1_215' title='bbox 801 2365 908 2444; x_wconf 91' lang='lat' dir='ltr'>Illyrici</span> <span class='ocrx_word' id='word_1_216' title='bbox 918 2367 1007 2424; x_wconf 89' lang='lat' dir='ltr'>maris</span> 
     </span>
     <span class='ocr_line' id='line_1_30' title="bbox 167 2445 1006 2524; baseline 0.001 -20"><span class='ocrx_word' id='word_1_217' title='bbox 167 2453 196 2505; x_wconf 90' lang='lat' dir='ltr'>et</span> <span class='ocrx_word' id='word_1_218' title='bbox 212 2447 243 2504; x_wconf 94' lang='lat' dir='ltr'>in</span> <span class='ocrx_word' id='word_1_219' title='bbox 259 2445 400 2504; x_wconf 82' lang='lat' dir='ltr'>Achaiam</span> <span class='ocrx_word' id='word_1_220' title='bbox 417 2465 589 2524; x_wconf 90' lang='lat' dir='ltr'>omnemque</span> <span class='ocrx_word' id='word_1_221' title='bbox 604 2447 753 2504; x_wconf 78' lang='lat' dir='ltr'>Graeciam</span> <span class='ocrx_word' id='word_1_222' title='bbox 769 2447 889 2505; x_wconf 88' lang='lat' dir='ltr'>navibus</span> <span class='ocrx_word' id='word_1_223' title='bbox 905 2446 1006 2505; x_wconf 86' lang='lat' dir='ltr'>Italiae</span> 
     </span>
     <span class='ocr_line' id='line_1_31' title="bbox 167 2525 1006 2603; baseline 0.001 -20"><span class='ocrx_word' id='word_1_224' title='bbox 167 2526 225 2583; x_wconf 89' lang='lat' dir='ltr'>duo</span> <span class='ocrx_word' id='word_1_225' title='bbox 236 2526 325 2584; x_wconf 87' lang='lat' dir='ltr'>maria</span> <span class='ocrx_word' id='word_1_226' title='bbox 334 2526 468 2583; x_wconf 86' lang='lat' dir='ltr'>maximis</span> <span class='ocrx_word' id='word_1_227' title='bbox 479 2526 614 2584; x_wconf 90' lang='lat' dir='ltr'>classibus</span> <span class='ocrx_word' id='word_1_228' title='bbox 624 2525 848 2603; x_wconf 88' lang='lat' dir='ltr'>firmissimisque</span> <span class='ocrx_word' id='word_1_229' title='bbox 856 2527 1006 2603; x_wconf 87' lang='lat' dir='ltr'>praesidiis</span> 
     </span>
     <span class='ocr_line' id='line_1_32' title="bbox 167 2604 1007 2683; baseline 0.001 -20"><span class='ocrx_word' id='word_1_230' title='bbox 167 2605 324 2678; x_wconf 88' lang='lat' dir='ltr'>adornavit,</span> <span class='ocrx_word' id='word_1_231' title='bbox 336 2606 398 2683; x_wconf 91' lang='lat' dir='ltr'>ipse</span> <span class='ocrx_word' id='word_1_232' title='bbox 411 2613 508 2663; x_wconf 87' lang='lat' dir='ltr'>antem</span> <span class='ocrx_word' id='word_1_233' title='bbox 521 2613 554 2663; x_wconf 93' lang='lat' dir='ltr'>ut</span> <span class='ocrx_word' id='word_1_234' title='bbox 564 2604 720 2663; x_wconf 92' lang='lat' dir='ltr'>Brundisio</span> <span class='ocrx_word' id='word_1_235' title='bbox 733 2605 881 2682; x_wconf 87' lang='lat' dir='ltr'>profectus</span> <span class='ocrx_word' id='word_1_236' title='bbox 895 2613 945 2678; x_wconf 87' lang='lat' dir='ltr'>est,</span> <span class='ocrx_word' id='word_1_237' title='bbox 955 2626 1007 2664; x_wconf 90' lang='lat' dir='ltr'>un-</span> 
     </span>
     <span class='ocr_line' id='line_1_33' title="bbox 167 2685 1006 2762; baseline 0.002 -20"><span class='ocrx_word' id='word_1_238' title='bbox 167 2685 441 2762; x_wconf 84' lang='lat' dir='ltr'>dequinquagesimo</span> <span class='ocrx_word' id='word_1_239' title='bbox 453 2685 502 2743; x_wconf 93' lang='lat' dir='ltr'>die</span> <span class='ocrx_word' id='word_1_240' title='bbox 515 2692 608 2744; x_wconf 86' lang='lat' dir='ltr'>totam</span> <span class='ocrx_word' id='word_1_241' title='bbox 622 2685 659 2742; x_wconf 85' lang='lat' dir='ltr'>ad</span> <span class='ocrx_word' id='word_1_242' title='bbox 672 2685 824 2762; x_wconf 90' lang='lat' dir='ltr'>imperium</span> <span class='ocrx_word' id='word_1_243' title='bbox 838 2686 939 2762; x_wconf 91' lang='lat' dir='ltr'>populi</span> <span class='ocrx_word' id='word_1_244' title='bbox 949 2686 1006 2744; x_wconf 85' lang='lat' dir='ltr'>Ro-</span> 
     </span>
     <span class='ocr_line' id='line_1_34' title="bbox 166 2765 1007 2842; baseline 0.004 -21"><span class='ocrx_word' id='word_1_245' title='bbox 166 2765 245 2822; x_wconf 89' lang='lat' dir='ltr'>mani</span> <span class='ocrx_word' id='word_1_246' title='bbox 262 2765 393 2823; x_wconf 82' lang='lat' dir='ltr'>Ciliciam</span> <span class='ocrx_word' id='word_1_247' title='bbox 410 2765 556 2824; x_wconf 86' lang='lat' dir='ltr'>adiunxit:</span> <span class='ocrx_word' id='word_1_248' title='bbox 575 2784 683 2835; x_wconf 89' lang='lat' dir='ltr'>omnes,</span> <span class='ocrx_word' id='word_1_249' title='bbox 698 2765 748 2842; x_wconf 92' lang='lat' dir='ltr'>qui</span> <span class='ocrx_word' id='word_1_250' title='bbox 764 2765 871 2842; x_wconf 90' lang='lat' dir='ltr'>ubique</span> <span class='ocrx_word' id='word_1_251' title='bbox 887 2766 1007 2842; x_wconf 85' lang='lat' dir='ltr'>praedo-</span> 
     </span>
     <span class='ocr_line' id='line_1_35' title="bbox 166 2844 1005 2923; baseline 0.004 -23"><span class='ocrx_word' id='word_1_252' title='bbox 166 2863 218 2902; x_wconf 90' lang='lat' dir='ltr'>nes</span> <span class='ocrx_word' id='word_1_253' title='bbox 233 2844 358 2916; x_wconf 82' lang='lat' dir='ltr'>fucmnt,</span> <span class='ocrx_word' id='word_1_254' title='bbox 374 2845 479 2922; x_wconf 83' lang='lat' dir='ltr'>partim</span> <span class='ocrx_word' id='word_1_255' title='bbox 500 2845 577 2922; x_wconf 90' lang='lat' dir='ltr'>capti</span> <span class='ocrx_word' id='word_1_256' title='bbox 593 2845 794 2922; x_wconf 80' lang='lat' dir='ltr'>interfectique</span> <span class='ocrx_word' id='word_1_257' title='bbox 810 2852 884 2917; x_wconf 90' lang='lat' dir='ltr'>sunt,</span> <span class='ocrx_word' id='word_1_258' title='bbox 899 2847 1005 2923; x_wconf 87' lang='lat' dir='ltr'>partim</span> 
     </span>
     <span class='ocr_line' id='line_1_36' title="bbox 167 2923 1005 3004; baseline 0.002 -24"><span class='ocrx_word' id='word_1_259' title='bbox 167 2923 516 3004; x_wconf 87' lang='lat' dir='ltr'>uninshuiusseimperio</span> <span class='ocrx_word' id='word_1_260' title='bbox 527 2925 895 3003; x_wconf 85' lang='lat' dir='ltr'>acpotestatidediderunt.</span> <span class='ocrx_word' id='word_1_261' title='bbox 923 2925 1005 2982; x_wconf 91' lang='lat' dir='ltr'>Idem</span> 
     </span>
     <span class='ocr_line' id='line_1_37' title="bbox 166 3002 1006 3082; baseline 0.002 -22"><span class='ocrx_word' id='word_1_262' title='bbox 166 3002 358 3075; x_wconf 79' lang='lat' dir='ltr'>Cretensibus,</span> <span class='ocrx_word' id='word_1_263' title='bbox 373 3023 439 3061; x_wconf 91' lang='lat' dir='ltr'>cum</span> <span class='ocrx_word' id='word_1_264' title='bbox 458 3004 496 3062; x_wconf 86' lang='lat' dir='ltr'>ad</span> <span class='ocrx_word' id='word_1_265' title='bbox 509 3024 576 3077; x_wconf 88' lang='lat' dir='ltr'>eum</span> <span class='ocrx_word' id='word_1_266' title='bbox 594 3024 684 3082; x_wconf 91' lang='lat' dir='ltr'>usque</span> <span class='ocrx_word' id='word_1_267' title='bbox 702 3005 733 3061; x_wconf 95' lang='lat' dir='ltr'>in</span> <span class='ocrx_word' id='word_1_268' title='bbox 750 3002 952 3082; x_wconf 85' lang='lat' dir='ltr'>Pamphyliam</span> <span class='ocrx_word' id='word_1_269' title='bbox 968 3005 1006 3062; x_wconf 88' lang='lat' dir='ltr'>le·</span> 
     </span>
     <span class='ocr_line' id='line_1_38' title="bbox 167 3078 1006 3162; baseline 0 -22"><span class='ocrx_word' id='word_1_270' title='bbox 167 3078 250 3160; x_wconf 83' lang='lat' dir='ltr'>gatos</span> <span class='ocrx_word' id='word_1_271' title='bbox 260 3083 512 3162; x_wconf 90' lang='lat' dir='ltr'>deprecatoresque</span> <span class='ocrx_word' id='word_1_272' title='bbox 525 3084 676 3156; x_wconf 88' lang='lat' dir='ltr'>misissent,</span> <span class='ocrx_word' id='word_1_273' title='bbox 689 3102 770 3161; x_wconf 88' lang='lat' dir='ltr'>spem</span> <span class='ocrx_word' id='word_1_274' title='bbox 781 3084 936 3142; x_wconf 91' lang='lat' dir='ltr'>deditionis</span> <span class='ocrx_word' id='word_1_275' title='bbox 946 3102 1006 3140; x_wconf 91' lang='lat' dir='ltr'>non</span> 
     </span>
     <span class='ocr_line' id='line_1_39' title="bbox 167 3163 1006 3244; baseline -0.002 -22"><span class='ocrx_word' id='word_1_276' title='bbox 167 3163 275 3222; x_wconf 76' lang='lat' dir='ltr'>ademit</span> <span class='ocrx_word' id='word_1_277' title='bbox 296 3163 465 3242; x_wconf 90' lang='lat' dir='ltr'>obsidesque</span> <span class='ocrx_word' id='word_1_278' title='bbox 489 3164 647 3244; x_wconf 86' lang='lat' dir='ltr'>imperavit</span> <span class='ocrx_word' id='word_1_279' title='bbox 689 3163 735 3220; x_wconf 84' lang='lat' dir='ltr'>Its</span> <span class='ocrx_word' id='word_1_280' title='bbox 754 3170 868 3221; x_wconf 88' lang='lat' dir='ltr'>tantum</span> <span class='ocrx_word' id='word_1_281' title='bbox 888 3163 1006 3236; x_wconf 82' lang='lat' dir='ltr'>bellum,</span> 
     </span>
    </p>
   </div>
   <div class='ocr_carea' id='block_1_7' title="bbox 0 0 1136 3412">
    <p class='ocr_par' dir='ltr' id='par_1_7' title="bbox 0 0 1136 3412">
     <span class='ocr_line' id='line_1_40' title="bbox 0 0 1136 3412; baseline 0 0"><span class='ocrx_word' id='word_1_282' title='bbox 0 0 1136 3412; x_wconf 95' lang='lat' dir='ltr'> </span> 
     </span>
    </p>
   </div>
  </div>
 </body>
</html>
