2262 3418
347 121 835 208 cur.xxxu-xxx1u.,§erec.
962 145 1012 196 ror

171 248 284 308 litatem
308 255 374 306 tuae
397 247 531 324 gmvitati
554 245 752 323 severitatique
775 243 934 322 asperseris,
951 263 1011 308 non

170 331 229 390 ista
247 327 363 406 quidem
382 333 465 384 erunt
483 325 608 398 meliora,
619 344 691 403 quae
709 344 785 384 nunc
806 332 873 383 sunt
891 324 1010 402 optima,

170 409 224 467 sed
237 414 313 465 certe
327 406 443 464 condita
455 404 615 464 iucundius.

212 485 343 544 XXXII
385 484 432 542 67.
454 483 518 554 Qua
535 504 565 542 re
584 491 617 542 ut
633 485 670 542 ad
685 483 725 556 id,
740 484 819 562 quod
835 483 955 556 institui,
970 503 1011 543 re·

171 573 273 637 vertar,
281 565 350 622 tolle
363 563 436 622 mihi
447 583 462 622 e
473 583 558 622 causa
570 583 675 621 nomen
686 563 820 621 Catonis:
838 583 969 621 remove.
982 607 988 622 .
1001 608 1008 623 .

172 645 366 722 praetermitte
385 643 593 714 auctoritatem,
609 661 681 720 quae
697 643 727 700 in
743 642 857 700 iudiciis
873 649 923 700 aut
938 643 1010 700 nihil

169 725 264 782 ualere
281 723 383 782 autad
397 724 517 781 salutem
534 721 619 780 debet
636 721 743 780 velere:
765 721 937 798 congredere
953 741 1011 780 me·

172 823 238 861 curn
265 803 433 861 criminibus
454 803 533 880 ipsis
575 801 654 871 Quid
677 821 798 874 accuses,
819 800 913 859 Outol
940 801 1011 878 quid

170 883 267 941 adfers
294 883 331 941 ed
347 883 514 942 iudiciumt
542 882 612 960 quid
635 881 750 959 arguisl
789 879 943 938 Ambitum
967 899 1011 938 ac-

168 981 268 1020 cusas:
292 982 351 1021 non
373 963 507 1021 defendo.
552 961 600 1020 Me
620 961 812 1038 reprehendis,
833 960 912 1039 quod
933 959 1009 1018 idem

171 1042 334 1113 defendam,
349 1042 428 1118 quod
445 1041 508 1118 lege
527 1041 702 1119 poenierim:
723 1041 839 1118 poenivi
859 1039 1008 1111 ambitum,

151 1179 154 1184 ,
171 1139 231 1177 non
247 1121 448 1178 innocentiam.
490 1120 643 1178 Ambitum
660 1139 726 1178 vero
743 1120 839 1197 ipsum
855 1119 899 1176 vel
914 1125 1010 1176 tecum

172 1199 319 1270 accusabo,
331 1200 355 1256 si
368 1199 454 1256 voles.
489 1198 598 1256 Dixisti
608 1206 721 1257 senatus
734 1197 896 1256 consultum
910 1217 957 1255 me
970 1217 1011 1255 re·

171 1278 282 1336 ferente
299 1297 358 1336 esse
371 1279 499 1336 fectum:
522 1297 706 1338 s1uuucnnn
725 1296 875 1352 conruent
893 1295 1009 1335 ouvmu

169 1375 354 1414 eunomius
381 1376 541 1429 rusurensi
566 1373 728 1416 cononem*
741 1376 961 1428 snornnnuruu,
983 1375 1010 1414 s1

168 1455 413 1495 -uunnrlrorunus
440 1449 542 1495 vuuuo
573 1455 669 1495 rocus
699 1456 840 1494 rnrnurrn
870 1456 907 1494 nr
937 1455 1009 1494 mnu

171 1534 307 1574 nuruum
335 1535 363 1574 sr
387 1535 488 1575 vuneo
517 1535 628 1574 resurr
655 1535 742 1587 nuru,
763 1534 882 1574 courel
906 1535 1009 1574 uneuu

171 1595 374 1654 Orurunumu
395 1615 516 1656 morou
537 1615 650 1654 rmum.
692 1595 770 1673 Ergo
790 1595 832 1653 ita
852 1603 965 1654 senatus
985 1595 1010 1654 si

167 1675 286 1746 iudicat,
298 1681 398 1734 contra
412 1676 505 1754 legem
521 1676 599 1734 fecta
614 1676 684 1734 haec
700 1676 798 1747 videri,
811 1676 835 1733 si
848 1676 926 1734 faeta
942 1676 1008 1747 sint,

168 1755 305 1826 decernit,
318 1755 397 1832 quod
409 1755 481 1814 nihil
496 1775 568 1834 opus
582 1762 633 1827 est,
643 1755 714 1814 dum
726 1755 886 1814 candidatis
900 1775 1010 1813 morem

171 1836 252 1912 gerit.
288 1835 363 1892 Nam
374 1836 483 1893 iactum
498 1837 536 1892 sit
549 1854 638 1893 necne
651 1835 834 1893 vehementer
848 1835 1008 1912 quaeritur:

171 1914 195 1970 si
211 1915 320 1972 factum
340 1921 391 1985 est,
408 1915 476 1990 quin
494 1914 593 1972 eontra
608 1915 701 1991 legem
720 1915 758 1971 sit
774 1913 905 1972 dubitare
924 1933 1008 1972 nemo

171 2000 274 2070 potest.
317 1999 362 2052 68.
385 1993 437 2050 Est
451 1993 715 2070 igiturgridiculum
728 1993 806 2070 quod
823 2000 865 2050 est
879 1992 1007 2066 dubium,

171 2071 203 2128 id
216 2071 372 2148 relinquere
386 2073 543 2130 incertum:
565 2071 644 2149 quod
657 2072 765 2129 nemini
779 2072 899 2130 dubium
913 2079 1010 2150 potest

171 2170 239 2222 esse,
251 2151 283 2208 id
298 2151 429 2208 iudicare.
471 2150 570 2228 Atque
586 2151 617 2208 id
633 2150 794 2208 decernitur
810 2151 944 2209 omnibus
959 2170 1011 2229 po

171 2229 342 2288 stulnntibus
358 2229 525 2301 candidatis,
540 2236 574 2286 ut
589 2249 624 2288 ex
640 2237 754 2288 senatus
770 2230 901 2288 consulto
917 2250 1010 2308 neque

171 2310 252 2366 cuius
267 2309 379 2368 intersit
395 2329 487 2386 neque
504 2315 603 2366 contra
619 2328 704 2386 quem
722 2309 759 2366 sit
772 2309 895 2387 intelligi
908 2311 1008 2388 possit

73 2411 76 2418 ·
171 2388 282 2457 Quare
301 2389 372 2446 doce
390 2408 407 2446 a
425 2388 456 2446 L
472 2388 591 2446 Murena
608 2388 657 2446 rlla
677 2407 737 2446 esse
757 2408 924 2448 commissa:
946 2397 1009 2448 tum

171 2475 286 2546 egomet
298 2468 353 2526 tibi
367 2475 467 2528 contra
479 2468 572 2546 legem
586 2469 738 2527 commissa
751 2487 811 2526 esse
825 2468 987 2529 concedam.

210 2547 354 2606 XXXIII.
377 2547 461 2606 Multi
483 2547 597 2608 obviam
617 2548 841 2626 prodierunt-de
863 2550 1010 2627 provincia

170 2627 328 2698 decedenti,
346 2626 524 2687 consulatum
548 2628 665 2704 petenti.
708 2627 788 2686 Solet
810 2627 879 2690 fieri.
921 2629 1031 2710 Eccui.

163 2715 267 2765 -autem
281 2725 340 2766 non
353 2707 485 2783 proditur
498 2709 668 2774 revertenti?
705 2707 785 2777 Quae
798 2709 856 2766 fuit
869 2709 925 2767 ista
938 2708 1010 2766 mul·

106 2777 114 2796 ³
170 2785 285 2844 titudo?
322 2786 461 2858 Primum,
471 2787 496 2844 si
505 2786 560 2844 tibi
574 2787 658 2845 istam
672 2788 812 2846 rationem
827 2807 885 2845 non
900 2789 1008 2865 possim

170 2865 295 2937 reddere,
306 2866 376 2943 quid
389 2865 476 2923 habet
489 2865 687 2924 admirationis
700 2867 752 2924 tuli
761 2868 822 2924 viro
836 2867 1007 2938 advenienti,

163 2945 323 3003 candidato
341 2945 490 3017 consulari,
505 2944 620 3002 obviam
639 2946 767 3022 prodisse
784 2946 910 3004 multost
931 2946 1009 3023 quod

163 3025 226 3082 -nisi
247 3031 319 3084 esset
339 3026 456 3095 factum,
472 3025 564 3101 magis
584 3025 747 3082 mirandum
767 3024 917 3082 videretur.
960 3029 1006 3083 69.

171 3101 256 3176 Quid,
267 3105 291 3162 si
304 3105 390 3164 etiam
401 3104 473 3163 illud
485 3103 598 3175 eddam,
609 3104 688 3182 quod
700 3124 718 3162 a
730 3103 935 3162 consuetudine
948 3122 1008 3160 non

163 3183 311 3264 ubhorret,
326 3182 442 3263 rogatos
460 3203 520 3244 esse
535 3184 651 3258 multos,
666 3202 737 3242 num
755 3188 805 3242 eut
823 3181 1008 3242 criminosum
