2262 3412
126 139 158 186 52
288 137 329 187 IN
345 137 376 188 L.
390 136 597 188 CATILINAM
611 135 746 186 ORATIO
762 137 799 186 Il.

126 238 186 296 lum
200 245 371 296 conatumve
384 245 484 296 eontra
494 238 616 316 patriam
627 236 849 315 deprehendero,
862 239 966 297 sentiet

126 318 156 375 in
170 318 223 375 hae
237 318 306 376 urbe
321 337 381 376 esse
395 318 524 375 eonsules
537 317 696 394 vigilantes,
709 335 769 374 1111
782 317 967 394 magistratus
1020 333 1026 344 ·

126 397 264 475 egregios,
277 416 337 456 esse
353 397 460 455 fortem
475 403 614 467 senatum,
626 415 687 454 esse
703 415 790 467 arma,
802 415 862 453 esse
877 415 967 454 caree·

126 496 195 549 rem,
216 497 301 555 quem
321 477 464 534 vindicem
488 476 663 534 nefariorum
691 494 723 533 ao
747 475 966 534 manifestorum

126 556 264 614 scelerum
276 557 399 614 maiores
412 556 503 614 nostri
517 574 578 614 esse
592 555 751 613 voluerunt

166 636 250 695 ΧΠΙ.
279 643 326 694 28,
336 635 434 714 Atque
445 635 514 694 haee
529 635 627 692 omnia
640 635 681 692 sie
695 639 823 711 agentur,
831 634 965 706 Quirites,

126 723 159 774 ut
173 717 313 774 maximae
323 735 371 774 res
384 715 506 773 minimo
520 722 611 787 motu,
623 713 749 792 pericula
762 733 874 772 summa
887 713 966 770 nullo

126 795 261 868 tumultu,
273 795 380 854 bellum
397 795 566 853 intestinum
583 814 616 853 ae
633 793 823 864 domesticum
837 800 904 870 po'st
917 793 967 850 ho

125 876 238 933 minum
258 875 426 933 memoriam
447 874 674 933 crudelissimum
696 880 725 931 et
741 873 899 930 maximum
919 891 966 930 me

126 975 185 1013 uno
201 962 301 1032 togato
319 955 390 1012 duee
405 962 440 1022 ‚et
456 955 628 1032 imperatore
646 953 767 1011 sedetur.
809 951 895 1021 Quod
911 970 966 1028 ego

127 1035 166 1093 sie
183 1035 397 1106 administrabo,
407 1033 540 1106 Quirites,
552 1040 593 1106 ut,
606 1034 631 1091 ai
651 1033 710 1092 ullo
730 1033 819 1090 modo
839 1031 901 1090 fieri
917 1051 967 1109 po·
988 1049 1014 1070 Α

126 1115 201 1187 terit,
213 1134 249 1173 ne
259 1114 408 1192 improbus
422 1114 539 1192 quidem
553 1113 704 1191 quisquam
715 1113 746 1171 in
757 1113 810 1170 hae
821 1112 890 1170 urbe
900 1131 967 1190 poe-

99 1203 103 1212 '
126 1215 194 1252 nam
211 1196 255 1252 sui
272 1194 383 1252 sceleris
400 1195 532 1252 sufferat:
554 1193 605 1251 sed
622 1193 646 1250 si
667 1194 710 1250 vis
729 1192 902 1276 mQ
919 1211 967 1250 au·

126 1275 231 1346 daciae,
244 1275 268 1332 si
279 1274 448 1352 impendens
459 1274 567 1351 patriae
578 1273 737 1350 perieulum
752 1292 798 1330 me
809 1271 966 1333 necessario
1078 1289 1081 1296 ’

126 1354 162 1412 de
176 1355 229 1412 hae
244 1355 333 1412 animi
349 1354 465 1412 lenitate
482 1353 640 1422 deduxerit,
652 1352 724 1409 illud
737 1351 869 1428 profecto
886 1349 968 1429 perfi-

126 1435 208 1506 eiam,
219 1434 297 1512 quod
312 1434 342 1491 in
352 1439 434 1491 tanto
448 1439 548 1490 ettam
562 1432 701 1490 insidioso
715 1431 791 1488 bello
806 1431 853 1488 vix
867 1438 968 1510 optan-

15 1585 17 1589 Α
126 1513 196 1571 dum
207 1513 328 1584 videtur,
340 1520 373 1571 nt
386 1532 479 1590 neque
492 1512 585 1571 bonus
600 1511 751 1598 qm‘sqnam
765 1511 886 1568 intereat
899 1530 967 1587 pau-

126 1612 283 1670 corumque
298 1612 392 1670 poena
407 1612 458 1650 vos
478 1592 536 1650 iam
556 1611 656 1650 omnes
677 1591 747 1649 salvi
763 1609 824 1648 1111
840 1590 1011 1668 possitis!
1121 1631 1128 1640 ·

127 1678 173 1730 29.
192 1671 272 1741 Quae
293 1672 409 1749 quidem
429 1691 484 1749 ego
505 1691 597 1749 neque
617 1691 682 1729 mea
701 1670 855 1749 prudentia
875 1689 967 1748 neque
1008 1665 1010 1669 ⁴

126 1751 260 1809 humanis
276 1751 401 1809 consiliis
415 1751 505 1809 fretus
519 1751 656 1829 polliceor
669 1751 759 1821 vobio,
769 1740 904 1822 indtes,
917 1749 968 1808 sed
1057 1798 1059 1802 .

125 1831 226 1889 multis
239 1838 269 1890 et
285 1850 343 1888 non
360 1830 455 1888 dubiis
471 1831 590 1889 deorum
607 1831 813 1890 immortalium
829 1829 968 1909 signifiea-

126 1910 262 1983 tionibus,
279 1910 382 1988 quibus
400 1929 454 1988 ego
471 1911 591 1968 ducibus
607 1911 639 1968 in
659 1911 733 1970 hane
754 1931 836 1989 spem
857 1918 968 1969 senteu-

126 1991 254 2068 tiamque
265 2010 328 2048 sum
338 1991 498 2067 ingressus:
520 1991 570 2068 qui
580 1991 637 2049 iam
648 2011 708 2049 non
718 1992 827 2069 procul,
837 1998 870 2068 ut
879 2010 968 2069 qnon-

127 2070 193 2128 dam
205 2070 344 2149 Qhant,
355 2070 390 2127 ab
407 2077 524 2128 externo
538 2071 621 2129 hoste
638 2078 723 2148 atque
737 2071 905 2164 lonffi'pflno,
917 2070 968 2128 sed

126 2149 173 2207 hie
187 2156 349 2228 praesentes
366 2169 417 2207 suo
431 2151 550 2208 numine
566 2157 652 2228 atque
669 2151 775 2208 auxilio
793 2171 844 2208 sua
859 2148 968 2228 templa

127 2237 213 2306 atque
224 2229 302 2287 urbis
312 2236 389 2288 tecta
399 2230 563 2288 defendent.
599 2229 678 2299 Quos
689 2250 747 2303 vos,
761 2230 894 2301 Quirites,
906 2249 968 2308 pre·

126 2309 191 2381 eari,
204 2310 338 2380 venerari,
348 2309 500 2387 implorare
515 2309 632 2381 debetis,
642 2317 684 2382 ut,
695 2329 781 2388 quam
795 2310 894 2368 urbem
906 2309 968 2387 pul·

126 2389 295 2448 cherrimam
316 2389 603 2466 florentissimamque
628 2409 688 2446 esse
708 2388 868 2460 voluerunt,
883 2388 966 2460 hane,

127 2469 261 2526 omnibus
281 2468 408 2527 hostium
429 2469 520 2546 copiis
540 2470 623 2526 terra'
634 2469 763 2545 marique
784 2468 932 2545 superatis,
951 2487 969 2524 1

126 2547 385 2626 perditissimorum
399 2547 504 2606 civium
518 2546 628 2605 nefario
642 2546 746 2606 scelere
759 2546 925 2605 defendant.
