2240 3418
348 118 427 172 cae.
442 119 650 182 xxa-mu,
667 117 786 180 11666.
807 167 809 170 ,
914 88 917 94 ’
941 121 992 170 aas
1056 169 1061 181 ,

149 223 186 283 iis
198 221 295 300 patrui
311 221 390 280 nulla
404 221 523 280 mentio.
565 221 597 280 Si
613 241 735 294 severus,
747 241 797 280 cur
810 240 870 280 non
883 220 915 279 in
931 241 992 279 om-

150 304 219 362 1661
260 301 538 373 &misericoraes
558 321 618 359 161
634 301 665 358 in
684 303 771 360 suosl
811 301 869 359 Sed
885 301 990 360 omitto

150 390 267 441 ceteros
305 380 449 439 Licinium
469 380 656 440 Denticulum
677 381 714 438 de
738 380 799 438 alea
821 381 992 439 condemna-

149 470 222 534 tum,
238 461 407 528 collusorem
431 480 523 533 sunm,
540 461 675 532 restituit,
693 461 774 538 quasi
799 480 866 518 vero
893 462 991 521 ludere

150 561 227 600 cumv
238 541 429 622 condemnato
450 559 509 598 161
528 539 640 598 liceret:
662 539 713 598 sed
733 547 774 610 ut,
786 541 865 618 quod
881 542 912 598 in
930 541 992 599 alea

140 621 321 700 perdiderat,
329 619 466 679 beneficio
478 620 549 698 legis
559 619 734 679 dissolveret
765 618 858 689 Quam
869 621 991 680 attulisti

149 701 291 760 rationem
301 700 410 778 populo
420 700 553 758 Romano
567 719 618 758 cur
627 700 820 758 eumrestitui
831 701 1007 784 oportereti,

150 779 318 853 Absentem,
330 780 424 852 credo,
435 781 466 838 in
480 798 545 838 reos
556 778 694 838 relatum:
711 799 772 838 1611
785 779 895 837 indicta
908 799 998 850 causa

150 860 323 920 iudicatam:
345 859 456 918 nullum
472 859 562 918 fuisse
579 859 616 918 de
632 859 693 928 alea
708 859 771 937 lege
787 853 941 918 iudicimn:
962 859 992 916 vi

151 958 320 1018 oppressum
337 948 367 999 et
382 941 485 998 armis:
506 946 663 1016 postremo,
675 940 754 1018 quod
768 940 803 998 de
819 947 923 1017 patruo
939 945 992 996 tuo
1047 958 1052 966 ·

116 1031 120 1038 '
151 1020 308 1093 dicebatur,
319 1021 442 1097 pectmia
457 1019 598 1078 iudicium
614 1039 675 1078 esse
688 1021 874 1097 corruptuml
910 1018 992 1076 Nihil

152 1100 264 1172 horum.
305 1099 348 1158 At
364 1099 517 1159 virbonus
533 1108 609 1159 6116
625 1099 740 1177 publica
755 1100 868 1177 dignus.
910 1098 991 1156 Nihil

151 1180 184 1239 id
197 1179 316 1258 quidem
331 1180 369 1237 ad
382 1198 460 1238 rem:
480 1199 536 1258 ego
551 1187 657 1251 tamen,
670 1179 806 1257 quoniam
823 1178 993 1236 condemna·

151 1266 216 1318 tum
232 1278 293 1318 esse
308 1278 362 1337 pro
378 1259 469 1318 nihilo
486 1271 538 1333 est,
548 1261 591 1318 ita
607 1260 803 1337 ignoscerem..
833 1258 993 1316 Hominem

152 1338 283 1397 omnium
298 1357 334 1398 ne
355 1339 514 1412 nissimnm,
526 1340 577 1417 qui
592 1357 652 1397 non
666 1339 810 1397 dubitaret
823 1337 868 1396 vel
882 1339 912 1396 in
926 1338 992 1396 foro

153 1418 214 1477 alea
227 1358 416 1498 ludam,lege,
428 1439 500 1498 quae
517 1426 560 1478 est
573 1419 610 1477 de
626 1418 695 1490 alea,
706 1418 928 1476 condemnatum
943 1417 993 1495 qui

153 1499 184 1556 in
208 1499 352 1576 integrum
380 1499 557 1571 restituitis
580 1517 639 1556 non
663 1497 840 1574 apertissime
865 1497 993 1555 studium

153 1597 238 1638 suum
252 1579 314 1656 ipse
327 1578 498 1656 profiteturl
532 1578 578 1637 st.
590 1577 625 1636 ln
640 1578 742 1636 eodem
751 1596 822 1635 ¹vero
836 1576 992 1649 tribunatu,

153 1677 221 1718 cum
237 1657 342 1716 Caesar
359 1659 390 1716 in
406 1657 578 1736 Hispaniam
597 1656 779 1736 proficiscens
797 1657 865 1715 huic
882 1656 995 1714 concul-

154 1738 276 1798 candam
290 1738 404 1797 Italiam
417 1737 589 1809 tradidisset,
601 1757 674 1815 quae
687 1737 746 1796 fuit
758 1737 820 1796 eius
833 1737 994 1815 peragratio

154 1819 300 1891 itinemm,
309 1819 440 1877 lustratio
454 1817 695 1896 municipiorum!
729 1817 796 1876 Scio
809 1837 857 1876 me
869 1817 901 1875 in
911 1816 995 1875 rebus

155 1899 384 1958 celebratissimis
399 1898 530 1956 omnium
546 1915 677 1956 sermone
690 1897 803 1969 versari,
816 1916 913 1975 eaque,
923 1916 995 1974 quae

58 1993 61 2002 ’
155 1979 222 2037 dico
238 1979 422 2056 dicturusque
443 1996 515 2048 sum,
529 1977 644 2035 notiora
664 1995 724 2034 6666
740 1977 883 2048 omnibus,
899 1977 949 2054 qui
965 1977 995 2032 11

156 2058 312 2118 Italiatum
327 2058 452 2129 fuerunt,
463 2072 548 2135 quam
562 2056 644 2129 mihi,
654 2056 705 2134 qui
718 2075 777 2113 non
790 2056 843 2114 fui.
879 2054 996 2114 Notabo

155 2145 253 2196 tamen
274 2138 400 2215 singulas
419 2156 481 2195 res:
502 2137 556 2196 etsi
574 2136 654 2195 nullo
672 2136 761 2194 modo
778 2136 886 2213 poterit
904 2134 996 2192 oratio

155 2237 221 2276 mea
234 2219 302 2276 satis
316 2218 409 2276 iacere
419 2224 528 2276 vestrae
542 2217 685 2275 scientiae.
717 2215 833 2274 Etenim
848 2214 926 2293 quod
936 2233 998 2272 um-

157 2316 243 2376 quam
262 2297 292 2355 in
311 2297 395 2355 terris
412 2304 527 2355 tantum
545 2296 688 2374 flagitium
705 2295 847 2354 exstitisse
866 2293 996 2352 auditum

156 2379 217 2436 6611
233 2383 342 2435 tantam
351 2377 577 2455 turpitudineml
592 2383 707 2435 tantum
717 2375 858 2434 dedecusl
881 2373 995 2432 XXIV.

158 2456 378 2516 58.Vehebatur
390 2456 421 2515 in
435 2458 535 2516 essedo
545 2457 679 2516 tribunus
689 2454 798 2534 plebis:
815 2454 930 2512 lictores
939 2453 999 2511 lau-

156 2536 228 2596 reati
248 2537 474 2596 antecedebant:
499 2537 575 2596 inter
591 2555 663 2616 quos
679 2542 778 2613 aperta
793 2534 893 2593 lectica
909 2533 999 2591 mima

156 2616 341 2694 portabatur:
363 2636 450 2695 quum
468 2637 504 2675 611
521 2617 638 2695 oppidis
656 2614 852 2694 municipales,
866 2613 999 2671 homines

156 2695 280 2768 honesti,
290 2696 328 2754 ob
338 2697 415 2755 viam
428 2697 586 2756 necessario
600 2696 782 2774 prodeuntes,
791 2713 850 2752 non
864 2700 934 2752 noto
948 2691 998 2750 illo

157 2782 188 2834 et
207 2777 326 2835 mimico
349 2776 476 2848 nomine,
494 2777 545 2835 sed
560 2776 748 2836 Volumniam
773 2772 997 2834 consalutabant.

158 2855 337 2934 Sequebatur
347 2856 433 2914 raeda
442 2875 508 2914 cum
519 2855 678 2928 lenonibus,
690 2855 811 2914 comites
821 2851 998 2931 nequissimi,

158 2936 264 2994 reiecta
280 2943 373 2994 mater
392 2936 515 2994 amicam
535 2936 642 3014 impuri
658 2935 711 2994 filii
726 2943 786 2994 tam
807 2954 874 2992 uam
895 2951 999 2991 nurum
1062 2945 1073 2972 ⁸

159 3015 338 3093 sequebatur.
379 3015 542 3075 Omiserae
560 3015 687 3074 mulieris
703 3016 789 3074 16611
812 3015 910 3072 'tatem
930 3012 1001 3070 cala-

158 3096 311 3155 mitosam!
352 3095 468 3154 Horum
488 3095 663 3173 flagitiorum
683 3095 738 3154 iste
755 3093 883 3171 vestigiis
904 3092 1001 3151 omnia

157 3175 325 3253 municipia,
336 3175 538 3253 praefecturas,
545 3174 680 3248 colonias,
691 3180 785 3234 totam
805 3173 929 3254 denique
945 3171 1002 3250 Ita.

155 3254 228 3316 liam
242 3255 394 3334 impressit
