2240 3418
373 126 452 178 CAP.
468 125 628 189 x.-x11.‚§
646 123 735 178 meo.
928 129 976 180 243

133 226 235 307 populi
251 227 376 300 Romani
390 227 476 285 unius
492 227 635 286 amicitiae
651 231 817 306 praeposuit
831 230 977 308 depulsor-

134 328 189 385 que
206 306 371 365 dominatus
387 326 474 385 quam
491 307 634 385 particeps
650 327 711 366 esse
727 308 837 367 maluit.
879 309 928 366 An
942 309 974 368 L.

95 400 97 402 ’
133 387 235 446 Tillius
248 386 366 454 Cimber
381 405 428 445 me
444 393 488 445 est
504 393 650 445 auctorem
666 389 798 446 secutusl
818 407 904 466 quem
921 408 976 466 ego

133 467 226 544 magis
239 466 341 524 fecisse
355 466 434 524 illam
449 484 511 525 rem
527 485 592 524 sum
609 467 765 524 admiratus
782 487 868 546 quam
884 469 977 527 factu·

134 566 200 604 rum
215 546 323 625 putavi,
335 546 493 604 admiratus
513 554 610 605 autem
626 546 665 605 ob
682 565 745 604 eam
761 566 885 620 causam,
897 548 978 625 quod·
1000 541 1003 548 ’

134 627 287 684 immemor
296 625 508 697 beneficiorum,
517 645 630 684 memor
639 627 747 705 patriae
758 627 868 686 fuisset.
898 626 978 696 Quid

135 706 208 764 duos
230 705 383 764 Serviliosl
423 705 527 764 Cascas
550 705 645 764 dicam
667 725 703 764 au
726 705 852 765 Ahalasl
872 713 901 765 et
921 706 976 766 hos

134 786 306 844 auctoritate
318 805 383 844 mea
395 804 493 844 censes
503 786 642 844 excitatos
652 787 750 865 potius
761 805 847 866 quam
858 787 976 844 caritate

134 866 176 923 rei
196 865 346 944 publicae?
386 865 520 944 Longum
540 873 584 924 est
604 866 737 945 persequi
757 874 874 938 ceteros,
889 867 979 944 idque

135 945 176 1004 rei
192 945 323 1027 publicae
339 947 523 1024 praeclarum,
535 947 625 1005 fuisse
640 953 701 1005 tam
717 947 819 1021 multo,
830 947 901 1040 ipsis
916 947 977 1026 glo·

134 1045 251 1085 rlOSllm·
363 1065 374 1086 ο

175 1105 244 1165 XII.
277 1111 323 1165 28.
335 1105 378 1164 At
394 1125 481 1184 quem
497 1106 534 1164 ad
550 1105 671 1164 modum
686 1125 734 1164 me
750 1107 910 1185 coarguerit
925 1106 978 1166 ho-‘
1001 1163 1005 1174 ,
1028 1181 1029 1184 ¹

134 1205 184 1243 mo
201 1192 302 1245 acutus
321 1187 518 1245 recordamini.
558 1185 678 1245 Caesare
698 1187 860 1258 interfecto,
871 1187 974 1265 inquit,

93 1290 96 1295 ·
135 1267 234 1326 statim
248 1273 398 1324 cruentum
414 1266 471 1324 'alte
485 1266 624 1325 extollens
636 1265 745 1324 Brutus
758 1267 916 1344 pugionem
930 1266 978 1324 Oi·

135 1363 268 1404 ceronem
278 1347 450 1405 nominatim
465 1346 634 1424 exclamavit
644 1354 729 1425 atque
740 1347 767 1404 ei
780 1353 976 1424 recuperatam

135 1425 297 1484 libertatem
319 1433 363 1484 est
386 1426 552 1504 gratulatus.
583 1426 666 1484 ·Our·
677 1426 750 1484 mihi
774 1427 976 1504 potissimuml

136 1507 204 1583 quia
217 1505 341 1564 sciebam
352 1507 362 1564 l
403 1505 480 1565 Vide
496 1525 532 1564 ne
549 1505 598 1564 illa
613 1525 698 1565 causa
711 1507 799 1565 fuerit
812 1505 976 1585 appellandi

135 1587 202 1658 mei,
215 1586 302 1664 quod,
314 1603 380 1644 cum
400 1604 462 1643 rem
482 1587 616 1663 gessisset
629 1586 808 1644 consimilem
829 1586 913 1644 rebus
930 1587 981 1658 iis‚·

136 1684 207 1743 quas
227 1666 289 1743 ipse
309 1683 460 1742 gesseram,
474 1684 523 1724 me
542 1666 725 1743 potissimum
745 1672 866 1724 testatus
886 1672 976 1724 estse

136 1745 280 1803 aemulum
291 1764 418 1803 mearum
429 1745 557 1804 laudium
572 1747 722 1804 exstitisse.
755 1752 802 1804 29.
814 1745 859 1805 Tu
869 1753 974 1818 autem,

136 1825 267 1905 omnium
292 1825 468 1896 stultissime,
483 1844 542 1883 nou
566 1825 710 1904 intelligis,
726 1827 763 1897 si,·
773 1826 805 1883 id
827 1825 906 1905 quod
929 1845 976 1883 me

136 1905 241 1982 arguis,
252 1905 375 1963 voluisse
395 1904 517 1963 interfici
534 1905 683 1962 Gaesarem
704 1905 812 1984 crimen
831 1907 877 1978 sit,
889 1907 976 1964 etiam

136 1983 273 2042 laetatum
298 2003 359 2042 esse
382 1991 476 2042 morte
496 1984 624 2042 Caesaris
647 1985 755 2042 crimen
779 1987 859 2043 esset
899 1985 977 2055 Quid

137 2065 215 2122 enim
235 2064 353 2122 interest
373 2064 448 2122 inter
468 2083 612 2123 suasorem
632 2064 704 2121 facti
725 2070 755 2121 et
775 2064 977 2142 probatorem?
1074 2063 1076 2066 ’

137 2150 188 2203 aut
208 2145 279 2222 quid
300 2145 389 2202 refert
408 2151 505 2202 utrum
527 2144 667 2202 voluerim
690 2142 752 2201 fieri
775 2162 811 2200 an
835 2143 976 2220 gaudeam

137 2224 267 2283 factumi
306 2223 413 2302 Ecquis
432 2223 481 2282 'est
504 2223 593 2302 igitur
616 2223 742 2300 exceptis
761 2223 805 2295 iis,
821 2223 871 2300 qui
894 2223 976 2280 illum

137 2323 255 2381 regnare
276 2305 449 2381 gaudebant,
464 2304 514 2381 qui
537 2303 609 2362 illud
632 2310 683 2361 aut
702 2301 764 2361 fieri
783 2302 907 2360 uoluerit
927 2309 981 2360 aut

137 2384 248 2442 factum
262 2383 450 2462 improbaritl
483 2383 591 2442 Omnes
605 2402 673 2460 ergo
686 2383 718 2441 iu
734 2381 825 2460 culpa
861 2382 977 2440 Etenim

138 2481 239 2521 omnes
252 2462 330 2536 boni,
343 2470 483 2541 quantum
496 2463 527 2521 iu
543 2463 614 2541 ipsis
627 2463 692 2534 fuit,
702 2461 852 2521 Caesarem
868 2459 978 2521 oecide-

35 2583 40 2592 -
137 2550 214 2601 runt.
255 2543 331 2601 Aliis
345 2543 504 2614 eonsilium,
516 2542 579 2601 aliis
595 2543 714 2614 animus,
727 2542 790 2600 aliis
806 2543 917 2600 occasio
931 2541 978 2598 de·

137 2623 213 2682 fuit:
235 2623 367 2682 voluntas
387 2623 503 2681 nemini.
547 2629 593 2681 30.
612 2623 670 2681 Sed
686 2629 833 2701 stuporem
851 2621 978 2680 hominis

138 2697 299 2761 vel'dieam
320 2703 438 2781 pecudis
460 2703 608 2762 attendite.
650 2702 698 2761 Sic
721 2703 798 2760 enim
818 2703 908 2760 dixit:
931 2700 975 2758 M.

139 2781 262 2853 Brutus,
278 2802 361 2856 quem
381 2802 430 2856 eqo
450 2783 565 2840 horteris
585 2801 671 2840 eausa
691 2783 977 2854 nominenominee

140 2863 297 2936 papioaem
318 2871 410 2921 tentem
428 2861 585 2921 Cicerortem
605 2863 791 2919 exclamavit:
816 2880 848 2918 er
864 2879 920 2934 quo
936 2861 980 2916 in-

141 2943 233 3016 telligi
246 2943 323 3000 debet
336 2961 400 3001 eum
414 2943 661 3017 consciumfuisae.
704 2942 781 3019 Ergo
796 2960 850 3018 ego
865 2940 980 2998 seelera-

139 3029 187 3088 tus
207 3023 336 3101 appellor
355 3042 373 3081 a
392 3029 429 3094 te,
446 3042 530 3100 quern
547 3029 580 3080 tu
601 3021 775 3100 suspicatum
796 3021 905 3100 aliquid
921 3039 980 3077 sus-

139 3102 261 3180 picaris:
282 3103 338 3175 ille,
350 3102 400 3181 qui
421 3102 577 3161 stillantem
593 3121 660 3178 prae
681 3121 710 3159 se
729 3102 886 3180 pugionem
902 3099 978 3169 tulit,

139 3183 166 3242 is
179 3189 236 3242 ate
245 3183 363 3242 honoris
377 3201 462 3242 eausa
473 3182 655 3242 nominaturt
688 3180 776 3240 Esto:
798 3180 876 3240 sitin
886 3177 980 3240 verbis
