2262 3418
113 113 161 166 ιιι
250 108 321 161 eno
337 109 368 164 r.
382 107 496 161 ιιιιιιο
512 109 652 160 umoris
668 75 810 160 orisrro

111 231 178 271 cum
197 211 329 289 ed'ipsos
348 217 518 288 penetrarat,
534 211 614 268 cuius
635 210 671 269 de
692 217 785 268 morte
795 217 952 289 ‘tamquam

112 292 148 350 de
163 291 343 350 caerimoniis
357 290 470 350 violatis
484 291 635 368 quaeritur.
678 289 736 348 Sed
750 297 847 348 tamen
863 292 953 349 maio-

112 391 156 438 res
176 371 267 430 nostri
287 371 317 428 in
339 370 489 428 dominum
510 370 546 427 de
567 389 647 427 servo
667 370 766 463 quaeri
788 369 950 442 nolucmnt,

111 470 171 508 non
189 451 256 528 quia
274 469 333 506 non
348 456 447 526 posset
462 468 561 507 verum
579 449 709 520 inveniri,
722 449 772 506 sed
791 449 859 527 quia
875 450 952 508 vidc-

111 529 196 588 batur
212 530 365 606 indignum
382 548 442 586 csse
462 535 492 586 ιι
507 529 620 586 domini
636 536 729 586 morte
749 527 812 605 ips'a
832 529 949 588 tristius.

112 609 147 667 In
161 629 241 667 reum
258 609 295 667 de
316 628 397 666 servo
413 609 585 666 accusatoris
604 627 671 666 cum
688 608 840 685 quaeritur,
852 628 951 666 verum
1001 632 1004 637 ·

94 749 95 754 1
112 689 233 748 inveniri
225 689 361 766 potestl
403 693 449 746 60.
465 687 530 765 Age
544 707 620 758 vere,
633 707 705 766 quae
722 695 782 746 erat
795 693 845 745 aut
859 688 951 766 qualis

113 769 259 861 quaestiol
293 768 374 826 Heus
387 773 428 839 tu,
440 767 534 838 Rufio,
545 731 623 824 verbi
637 786 808 839 causamve
821 767 859 824 sis
873 787 951 826 men-

111 849 199 906 tiaris.
235 847 355 905 Clodius
371 811 489 906 insidias
505 847 576 904 fecit
592 846 712 906 Milonil
743 847 830 905 Fecit
866 846 952 905 Certa

112 946 189 985 crux.
231 925 332 984 Nullas
359 927 437 986 fecit
480 925 600 1004 Sparata
626 926 749 984 libertas.
792 924 870 994 Quid
897 926 950 986 hac

113 1006 289 1084 quaestione
296 1007 419 1065 certiusl
459 1005 562 1064 Subito
579 1006 714 1099 abrepti
706 1025 737 1063 ιιι
755 1007 950 1099 quaestionem

112 1094 210 1144 tamen
211 1092 393 1180 separantur
408 1105 425 1144 a
441 1086 541 1144 ceteris
562 1086 615 1143 ιι
607 1105 638 1143 ιιι
654 1105 732 1144 arcas
748 1086 995 1157 coniiciuntur„

112 1185 149 1226 ne
169 1165 234 1243 quis
254 1185 319 1224 cum
340 1165 377 1222 iis
400 1165 525 1243 colloqui
547 1165 646 1242 possit.
688 1165 730 1222 Hi
752 1173 868 1240 centum
890 1166 951 1224 dies

112 1264 201 1322 penes
221 1252 412 1306 accusatorem
430 1265 496 1304 cum
512 1245 644 1316 fuissent,
656 1244 691 1302 ab
709 1263 743 1302 eo
760 1245 824 1322 ipso
841 1264 952 1304 accusa·

112 1333 175 1384 tore
187 1325 322 1402 producti
336 1332 410 1384 sunt
446 1323 587 1394 Quidhac
602 1324 768 1402 quaestione
782 1324 841 1382 dici
854 1331 952 1402 potest
1032 1383 1035 1390 ⁴

66 1445 68 1451 ι
112 1403 260 1482 integrius,
273 1404 343 1482 quid
357 1404 568 1482 incorruptius?

153 1483 267 1542 XXIII.
304 1489 351 1542 61
369 1483 494 1552 Quod
472 1503 497 1542 ιι
513 1484 644 1542 nondum
661 1483 730 1542 satis
748 1483 872 1556 cernitis,
885 1503 959 1542 cum.

112 1583 158 1622 res
175 1563 238 1641 ipsa
253 1569 297 1621 tot
314 1561 374 1620 tam
391 1563 473 1620 claris
493 1563 670 1640 argumentis
687 1563 832 1640 signisque
849 1563 950 1635 luceat,

112 1650 294 1722 puramente
309 1650 394 1720 atque
408 1643 521 1719 integra
530 1643 677 1714 Milonem,
690 1642 768 1701 nullo
783 1642 886 1701 scelere
900 1643 952 1706 im·

112 1723 224 1795 butum,
234 1722 314 1780 nullo
324 1729 404 1780 ιιιιιιι
415 1723 606 1799 perterritum,
617 1722 695 1783 nulla
704 1722 880 1780 couscientia
889 1743 952 1780 exa·

112 1803 254 1862 nimatum
278 1801 403 1860 Romam
427 1801 795 1874 revertissc,'recordarnini,
810 1821 862 1879 per
882 1803 951 1860 deos

112 1881 307 1939 immortales!
333 1891 405 1959 quae
425 1881 514 1938 fuerit
534 1881 662 1940 celeritas
682 1881 792 1939 reditus
814 1882 883 1954 eius,
901 1882 952 1959 qui

112 1961 256 2038 ingressus
276 1961 306 2018 in
326 1961 424 2019 forum
445 1960 562 2019 ardente
583 1961 669 2031 curia,
685 1980 757 2038 quae
780 1961 951 2038 magnitudo

112 2040 209 2112 animi,
226 2041 276 2176 qui
296 2041 399 2112 vultus,
415 2059 496 2118 quae,
508 2041 608 2098 oratio.
651 2040 752 2117 Neque
768 2059 835 2098 vero
856 2060 886 2100 se
902 2060 953 2118 po-.

112 2120 181 2212 pulo
198 2139 230 2177 so
241 2139 300 2192 um,
312 2121 363 2178 sed
376 2121 463 2178 etiam
477 2126 557 2178 senat
545 2120 588 2177 tui
602 2120 748 2177 commisit
749 2139 860 2197 ,neque
874 2139 952 2178 sena-

112 2200 157 2257 tui
178 2200 276 2271 mode,
296 2200 346 2258 sed
370 2201 457 2258 etiam
481 2199 604 2277 publicis
629 2164 778 2276 praesidiis
801 2205 831 2257 ιι
855 2200 950 2270 armis,
1003 2207 1007 2218 ‘

113 2298 205 2357 neque
225 2279 270 2337 his
290 2287 412 2351 tantum,
429 2299 528 2338 verum
549 2279 637 2338 etiam
661 2279 721 2337 eius
740 2279 888 2356 potestati,
905 2280 952 2336 cui

113 2366 228 2417 senatus
241 2366 333 2416 totam
348 2378 408 2416 rem
421 2358 575 2436 publicam,
587 2377 703 2416 omnem
718 2357 818 2416 Italiae
834 2357 950 2451 pubem,

112 2445 216 2496 cuncta
231 2438 332 2516 populi
348 2438 472 2496 Romani
489 2457 568 2496 arma
588 2438 786 2496 commiserat:
808 2439 854 2496 cui
870 2457 952 2495 num·

113 2536 198 2594 quam
221 2537 250 2575 se
271 2517 318 2574 liic
338 2517 470 2594 profecto
491 2518 663 2589 tradidisset,
684 2517 739 2574 nisi
760 2536 860 2575 causae
884 2536 951 2574 suae

113 2595 278 2667 confideret,
294 2597 461 2689 praesertim
486 2598 584 2656 omnia
607 2597 744 2667 audienti,
764 2615 870 2678 magna
894 2615 952 2654 me·

112 2676 214 2747 tuenti,
225 2640 318 2733 multa
322 2676 495 2768 suspicanti,
507 2695 566 2734 uon
580 2677 659 2734 nulla
672 2641 807 2736 creden'ti
846 2676 952 2753 Magna

112 2754 156 2811 vis
175 2719 218 2812 ιιι
235 2755 433 2827 conscientiae,
447 2756 565 2827 iudices,
580 2763 610 2814 et
627 2775 734 2834 magna
750 2757 782 2813 in
800 2761 951 2833 utramque

113 2841 232 2910 partem,
249 2841 281 2891 ut
297 2853 389 2912 neque
408 2835 530 2892 timeant
546 2835 596 2912 qui
616 2835 688 2892 nihil
709 2835 906 2892 commiserint
922 2840 952 2892 et

113 2931 236 2988 poenam
257 2932 369 2990 semper
385 2919 451 2971 ante
468 2913 566 2971 oculos
582 2915 686 2971 ιιιιιιι
702 2920 806 2991 putent
822 2914 872 2991 qui
887 2932 952 2990 pec-

114 2992 212 3050 carint
256 2998 301 3050 62.
318 2991 419 3068 Neque
434 3011 500 3049 vero
515 2992 575 3050 sinc
589 2993 700 3050 ratione
714 2999 791 3050 certa
804 3012 889 3050 cause
899 2991 952 3049 Mi-

113 3069 188 3130 lonis
206 3090 318 3147 semper
335 3090 353 3126 ι
371 3076 471 3127 senatu
487 3070 607 3147 probata
623 3078 674 3129 est
710 3071 858 3130 Videbant
873 3071 952 3129 enim

113 3149 315 3226 [sapientissimi
340 3148 471 3206 homines
494 3149 565 3206 facti
589 3150 739 3220 rationem,
760 3150 951 3226 praesentiam
