2262 3412
154 141 170 188 a
264 119 721 190 uururnarocn.r0uru11
738 135 881 188 casuro.

153 257 209 309 ma,
221 239 354 296 fortunae
369 227 559 315 plurimorum
575 237 681 295 civium
697 236 866 296 coniunctae
881 256 948 297 cum
961 257 992 299 re

153 318 269 397 publica
282 317 480 375 defendantur.

194 397 277 456 VIIL
312 403 358 454 20.
375 395 517 466 Quoniam
532 397 685 474 degenere
698 395 767 456 belli
780 395 850 469 dixi,
864 417 941 456 nuuc
955 399 992 458 de

28 475 44 536 ‘.
152 477 352 554 magnitudine
373 495 465 554 pauca
486 476 588 534 dicam.
630 476 732 534 Potest
754 477 831 534 enirn
851 477 907 535 hoc
923 478 990 551 dici,

94 583 104 605 ι
152 557 220 615 belli
233 576 323 634 genus
334 575 393 614 esse
404 556 446 613 ita
457 555 655 627 necessarium,
665 562 698 613 ut
708 555 746 613 sit
756 556 921 632 gerendum,
931 577 990 616 nou

152 655 212 695 esse
234 637 276 694 ita
295 653 441 714 magnum,
456 643 490 693 ut
511 637 549 694 sit
568 635 834 712 pertimescendum.
876 636 911 694 In
933 657 990 714 quo

151 716 275 774 maxime
295 715 483 774 laborandum
503 722 548 773 est
562 734 600 772 ne
615 715 692 773 forte
708 734 726 772 a
741 714 823 773 vobis
840 735 911 793 quac
928 717 991 779 dili·

151 794 991 873 gentissimeprovidendasuntcontemuendaessevidean·

151 883 205 933 tur.
240 875 339 952 Atque
355 881 388 932 ut
402 893 501 932 omnes
517 874 679 951 intelligant
692 893 739 932 me
755 873 786 932 L.
796 873 916 934 Lucullo
929 883 991 934 tan-

45 963 50 972 ⁴
151 962 215 1012 tum
231 954 377 1032 Mpertire
393 953 493 1026 laudis,
506 961 645 1031 quantum
658 954 730 1012 forti
743 954 805 1012 viro
821 961 851 1013 et
866 955 990 1032 sapienti

150 1033 263 1092 homini
279 1041 310 1092 et
324 1051 431 1112 magno
448 1034 615 1112 imperatori
627 1034 771 1105 debeatur,
783 1033 848 1092 dico
865 1034 926 1093 eius
942 1035 990 1094 ad·

151 1120 238 1172 ventu
254 1114 393 1172 maximas
410 1113 572 1172 Mithridati
588 1115 690 1192 copias
700 1113 833 1172 omnibus
846 1114 931 1184 rebus
946 1135 990 1174 or-

151 1200 232 1252 natas
245 1200 331 1272 atque
341 1194 493 1268 instructas
503 1194 601 1265 fuisse,
609 1193 765 1272 urbemque
775 1193 862 1252 Asiae
872 1194 989 1253 clarissi-

150 1293 228 1331 mam
241 1273 381 1352 nobisque
395 1274 605 1346 amicissimam,
617 1273 833 1350 Cyzicenorum,
844 1273 989 1334 obsessam

150 1373 210 1411 esse
221 1353 257 1411 ab
268 1353 331 1431 ipso
342 1371 408 1431 rege
421 1354 547 1411 maxima
556 1352 742 1410 multitudine
752 1359 782 1410 et
792 1359 988 1431 oppugnatam

150 1433 406 1504 vehementissime,
424 1452 510 1510 quarn
534 1432 565 1490 L
578 1431 711 1490 Lucullus
734 1432 848 1506 virtute,
866 1433 989 1492 adsidui·
1106 1411 1109 1418 ⁴

149 1519 218 1585 tate,
233 1513 352 1571 consilio
373 1513 493 1570 summis
514 1510 672 1569 obsidionis
692 1512 825 1590 periculis
845 1513 987 1574 liberarit:

151 1597 197 1650 al.
216 1591 252 1650 ab
268 1593 370 1650 eodem
385 1593 558 1670 imperatore
578 1590 695 1650 classem
712 1611 847 1669 magnam
863 1600 893 1651 et
909 1613 989 1652 orna·

150 1678 218 1745 tarn,
234 1691 308 1750 quae
323 1671 444 1730 ducibus
460 1671 631 1729 Sertorianis
651 1671 689 1729 ad
704 1671 818 1730 Italiam
835 1672 932 1732 studio
948 1667 989 1732 at·

151 1772 205 1829 que
220 1751 287 1810 odio
298 1751 475 1810 inflammata
487 1758 641 1828 raperetur,
653 1758 814 1829 superatam
829 1772 889 1811 esse
903 1760 988 1832 atque

31 1849 36 1858 ·
150 1831 329 1910 depressam:
350 1849 469 1909 magnas
478 1829 607 1888 bostium
620 1838 766 1909 praeterea
778 1833 876 1910 copias
889 1833 989 1891 multis

149 1911 265 1990 proeliis
276 1931 336 1970 esse
347 1911 454 1969 deletas
464 1911 698 1988 patefactumque
711 1912 817 1970 nostris
827 1911 989 1989 legionibus

149 2009 209 2049 esse
233 1991 369 2063 Pontum,
387 1991 437 2068 qui
460 1997 545 2048 antea
567 1991 676 2068 populo
699 1990 832 2048 Romano
852 2010 887 2049 ex
908 1993 989 2050 omni

149 2071 230 2129 aditu
246 2070 357 2128 clausus
376 2070 495 2128 fuisset:
517 2069 645 2147 Sinopen
666 2077 752 2147 atque
768 2070 913 2142 Amisum,
928 2071 989 2148 qui-

149 2151 246 2208 busin
263 2150 379 2227 oppidis
395 2157 476 2207 eraut
491 2148 638 2207 domicilia
657 2149 741 2225 regis,
753 2148 888 2206 omnibus
904 2149 988 2208 rebus

149 2237 262 2288 omstas
276 2249 308 2286 ac
321 2229 441 2287 refertas
457 2234 620 2305 ceterasque
633 2227 718 2286 urbes
731 2227 821 2285 Ponti
834 2234 864 2285 et
877 2227 988 2307 (lappa-

148 2310 247 2368 dociae
260 2308 416 2386 permultas
432 2327 491 2366 uno
509 2307 590 2364 aditu
606 2306 787 2384 adventuque
803 2326 864 2366 esse
880 2315 985 2386 captas,

148 2409 244 2467 regem
259 2388 412 2466 spoliatum
427 2406 515 2464 reguo
525 2386 620 2464 patrio
634 2393 720 2463 atque
734 2386 811 2444 avito
825 2387 862 2446 ad
872 2387 943 2448 alios
956 2408 987 2448 se

147 2489 228 2547 reges
244 2474 330 2546 atque
346 2466 383 2525 ad
400 2466 468 2524 alias
484 2473 585 2543 gentes
599 2465 757 2544 supplicem
771 2467 934 2541 contulisse,
946 2474 987 2527 at·

148 2568 203 2626 que
222 2548 293 2605 haec
314 2546 412 2604 omnia
431 2545 515 2604 salvis
530 2547 632 2624 populi
652 2545 776 2605 Romani
796 2549 880 2606 sociis
900 2555 987 2627 atque

147 2628 266 2704 integris
282 2625 469 2705 vectigalibus
488 2645 548 2684 esse
563 2633 653 2703 gesta
695 2626 771 2686 Satis
792 2628 896 2708 opinor
915 2628 986 2688 haec

147 2726 207 2765 esse
220 2707 312 2765 laudis
326 2715 411 2786 atquc
426 2707 475 2778 ita,
487 2704 621 2779 Quirites,
632 2713 666 2765 ut
679 2706 734 2765 hoc
745 2727 796 2766 vos
809 2709 990 2786 intelligatis,¹

146 2806 165 2843 a
174 2787 252 2845 nullo
263 2788 391 2860 istorum,
402 2788 452 2867 qui
463 2787 531 2845 huic
542 2787 703 2846 obtrectant
712 2788 769 2865 legi
780 2794 865 2866 atque
876 2807 984 2861 causae,

147 2864 178 2924 L.
194 2866 343 2927 Lucullum
367 2869 500 2927 similiter
522 2887 557 2926 ex
581 2867 637 2926 hoc
660 2868 724 2926 loco
748 2888 808 2926 esse
828 2869 983 2927 laudatum.

147 2946 199 3007 IX.
235 2955 281 3009 22.
297 2949 469 3030 Requiretur
482 2951 603 3008 fortasse
617 2968 692 3007 nunc
707 2967 792 3026 quem
805 2948 842 3005 ad
855 2947 984 3019 modum,

147 3045 212 3086 cum
225 3029 294 3089 haec
308 3032 350 3091 ita
363 3032 429 3106 sint,
442 3031 584 3109 reliquum
598 3029 690 3109 possit
703 3047 841 3105 magnum
855 3046 914 3086 esse
928 3027 986 3085 bel·

146 3107 213 3168 lum.
249 3110 431 3189 cognoscite,
441 3113 583 3182 Quirites:
605 3129 664 3168 non
675 3109 752 3167 enim
763 3107 818 3166 hoc
831 3108 891 3166 sine
902 3125 986 3164 causa

147 3191 243 3270 quaeri
263 3192 384 3254 videtur.
426 3193 558 3253 Primum
579 3209 616 3280 er
634 3207 686 3253 suo
706 3205 796 3266 reguo
810 3186 850 3246 sic
873 3185 985 3246 Mithri·
1075 3251 1083 3257 .
